2101 3512
190 622 275 650 §.t-zo,

193 1065 280 1095 §.¹²30.

195 1783 281 1813 §.1:21.

278 214 374 258 454
860 227 1011 248 DIALOGI
1039 225 1395 247 PSEVDOHVTTENICI.

278 336 393 383 gloria
423 332 552 368 Christi
584 330 697 377 gloria
729 335 803 368 est,
837 340 906 364 non
939 329 1037 363 mea?
1069 328 1225 373 Primum
1259 326 1413 361 omnium
1446 326 1475 360 si
1496 327 1581 361 mihi
1602 327 1663 361 das
1685 326 1862 361 Christum
1886 324 1978 372 opti-

278 402 372 426 mum
403 400 481 423 esse
510 396 703 432 rerumque
734 384 930 431 principem
970 382 1148 421 ecclesiae,
1190 383 1266 428 ipse
1297 382 1383 416 mihi
1413 381 1527 417 clares
1558 382 1658 428 regni
1700 381 1862 420 tradidit,
1902 382 1978 428 ipse

280 444 470 493 pascendas
494 453 576 477 oves
597 440 795 477 commisit,
830 439 904 486 ipse
927 450 1039 473 meam
1062 437 1163 472 fidem
1186 448 1250 472 suo
1282 437 1463 483 przeconio
1495 437 1722 484 approbavit:
1752 442 1786 471 te
1817 436 1976 483 pecunia,

282 507 314 535 te
346 499 460 534 studia
491 496 714 534 mortalium,
747 501 781 529 te
814 494 955 529 fraudes
988 494 1102 528 secere
1133 492 1353 540 pontificem,
1386 493 1415 527 si
1437 492 1543 527 modo
1564 492 1726 539 pontifex
1747 493 1776 526 is
1799 491 1979 539 appellan-

279 556 344 590 dus
375 559 448 592 est2
488 564 554 598 ego
596 556 649 585 tot
680 551 874 584 animarum
906 548 1014 584 millia
1045 549 1187 583 Christo
1218 547 1400 588 lucrifeci,
1432 553 1471 583 tu
1502 553 1556 582 tot
1587 548 1622 581 in
1653 547 1797 582 exitium
1821 544 2007 587 tra'xisti;5

289 622 355 656 ego
387 610 531 643 Romam
561 612 663 641 autea
694 605 861 652 gentilem
892 605 1028 652 primus
1060 604 1239 639 Christum
1269 604 1391 643 docui,
1429 610 1467 638 tu
1498 603 1709 638 Christiana)
1740 603 1808 637 iam
1839 601 1981 648 gentili-

281 665 362 701 tatis
394 663 543 699 extitisti
575 662 765 708 magister;
808 672 875 707 ego
916 660 969 695 vel
1008 659 1131 695 umbra
1169 659 1332 706 corporis
1372 659 1537 694 sanabam
1569 664 1745 705 aegrotos,
1788 657 1982 693 liberabam

279 734 297 755 a
328 719 504 755 ‹hemonio
536 723 696 756 vexatos,
740 716 781 751 ad
819 716 923 751 vitam
955 715 1160 751 revocabam
1199 715 1406 754 defunctos,
1445 720 1480 749 et
1521 726 1731 762 quacunque
1770 713 1981 753 incederem,

279 774 458 811 beneficiis
490 773 677 820 implebam
717 772 852 807 omnia:
886 772 970 818 quid
1003 772 1053 806 tui
1080 770 1207 805 *simile
1245 770 1400 806 habuere
1442 770 1634 817 triumphi?
1673 774 1836 816 poteram
1874 769 1982 804 verbo

281 842 384 878 quem
422 829 614 865 voluissem
655 828 793 863 tradere
825 827 1009 866 Sathanze,
1047 832 1083 862 et
1114 831 1284 873 quantum
1316 826 1513 873 potuerim,
1556 831 1701 872 experta
1742 830 1796 860 est
1834 825 1980 872 Saphira
2000 833 2029 857 10

279 898 358 922 cum
390 896 454 920 suo
486 884 634 924 marito;
667 889 783 918 tamen
815 883 982 930 quicquid
1014 882 1185 917 habebam
1216 882 1423 928 potestatis,
1456 882 1491 916 in
1511 881 1702 916 utilitatem
1725 880 1879 916 omnium
1901 891 1984 915 con-

281 941 435 988 suinpsi;
466 945 504 975 tu
536 939 699 975 omnibus
729 938 881 977 inutilis,
916 939 944 973 si
976 938 1059 985 quid
1089 944 1234 985 poteras
1266 937 1385 983 [immo
1418 937 1502 984 quid
1532 948 1604 972 non
1635 936 1818 984 poteras?)
1848 936 1890 971 ad
1909 948 1984 983 *pu-

283 997 408 1033 blicam
441 997 538 1032 orbis
569 995 758 1042 pernitiem
790 995 939 1029 vertisti.
1730 1003 1734 1008 ·

367 1052 525 1087 Iulius.
575 1051 735 1086 Demiror
779 1061 842 1085 cur
889 1050 924 1084 in
971 1049 1173 1095 catalogum
1219 1048 1414 1095 gloriarum
1465 1054 1603 1083 tuarum
1651 1060 1722 1083 non
1765 1048 1841 1083 baie
1879 1048 1985 1083 etiam

282 1109 406 1147 addas,
439 1107 662 1155 pauperiem,
694 1105 851 1153 vigilias,
884 1106 1054 1145 sudores,
1088 1105 1295 1144 tribunalia,
1328 1116 1505 1144 carceres,
1539 1103 1697 1143 vincula,
1731 1104 1873 1151 probra,
1906 1103 1979 1150 pla·
1999 1112 2028 1137 15

283 1177 363 1211 gas,
395 1175 517 1199 cruces
549 1163 713 1209 denique.

364 1220 547 1255 Petrus.
598 1219 704 1253 Recte
736 1218 920 1253 admones:
960 1229 1040 1252 nam
1079 1217 1157 1251 istis
1195 1217 1237 1252 de
1277 1216 1383 1251 rebus
1425 1217 1553 1251 iustius
1594 1215 1779 1262 gloriabor
1810 1226 1913 1262 quam
1944 1215 1986 1250 de

282 1275 482 1311 miraculis:
523 1275 651 1309 horum
692 1274 833 1309 nomine
873 1273 1034 1308 Christus
1065 1285 1131 1308 nos
1163 1272 1266 1307 iussit
1297 1272 1450 1318 gaudere
1483 1278 1517 1307 et
1548 1271 1724 1310 exultare,
1763 1271 1891 1306 horum
1922 1282 1986 1305 no-

284 1332 376 1366 mine
408 1342 473 1367 nos
503 1330 628 1365 beatos
660 1330 804 1365 vocarit.
866 1330 913 1364 ita
944 1328 1094 1369 Paulus,
1133 1328 1272 1375 collega
1311 1328 1488 1374 (luendam
1519 1339 1636 1367 meus,
1679 1339 1757 1362 cum
1788 1338 1851 1362 sua
1882 1326 1989 1362 iactat

285 1388 458 1426 facinora,
499 1398 570 1421 non
611 1391 865 1421 commemorat
894 1385 1001 1420 urbes
1032 1384 1138 1420 armis
1169 1389 1404 1431 expugnatas,
1445 1395 1516 1419 non
1546 1383 1708 1430 legiones
1738 1383 1834 1418 ferro
1865 1394 1985 1421 caesas,
2000 1390 2033 1415 20

284 1455 354 1477 non
386 1443 482 1477 orbis
514 1442 693 1489 principes
725 1442 766 1476 ad
798 1440 889 1475 bella
920 1441 1141 1479 eom-italos,'
1178 1452 1250 1475 non
1281 1440 1395 1475 fastus
1437 1439 1657 1486 tyrannicos,
1699 1439 1759 1473 sed
1791 1438 1987 1484 naufragia,

285 1498 439 1537 vincula,
472 1498 599 1544 flagra,
631 1496 808 1544 pericula,
842 1497 1003 1531 insidias:
1036 1497 1093 1531 hic
1124 1502 1178 1531 est
1208 1496 1410 1542 triumphus
1441 1506 1544 1529 verus
1575 1500 1611 1529 et
1641 1493 1880 1541 apostolicus,
1913 1494 1989 1529 luce

284 1559 338 1589 est
368 1553 483 1600 gloria
515 1553 705 1587 Christiani
736 1553 846 1587 (lueis.
909 1553 1013 1587 iactat
1046 1552 1104 1587 ille
1136 1563 1226 1598 quos
1258 1551 1423 1597 genuerit
1453 1551 1613 1589 Christo,
1656 1561 1746 1597 quos
1786 1549 1828 1585 ab
1867 1549 1989 1596 impie-

285 1615 355 1644 tate
386 1609 591 1647 retraxerit,
632 1619 703 1642 non
743 1614 829 1655 quot
870 1608 1079 1643 ducatorum
1119 1607 1227 1642 millia
1271 1607 1516 1653 congesserim
1554 1606 1707 1652 denique
1750 1617 1816 1640 nos
1847 1605 1987 1640 Christo

282 1671 495 1712 perpetuum
527 1664 594 1699 iam
625 1669 772 1710 agentes
805 1665 1020 1710 triumphum
1052 1663 1214 1698 laudibus
1245 1668 1514 1710 prosequuntur
1545 1668 1580 1697 et
1602 1661 1701 1701 mali,
1736 1667 1769 1696 te
1791 1673 1894 1697 nemo
1917 1668 2033 1696 1101125

283 1721 523 1759 execrabitnr,
556 1720 625 1754 nisi
656 1719 707 1755 vel
741 1720 791 1754 tui
823 1720 949 1755 similis
981 1720 1032 1755 vel
1065 1718 1239 1755 adulator.

370 1776 532 1811 lulius.
583 1776 668 1810 Rem
699 1776 890 1811 inauditam
924 1776 1039 1811 audio.

367 1833 542 1867 Petrus.
594 1831 726 1870 Credo,
759 1843 837 1866 nam
870 1832 1049 1878 quomodo
1083 1832 1145 1865 tibi
1177 1831 1303 1866 suisset
1334 1831 1448 1865 ocium
1480 1829 1700 1876 evangelicas
1729 1829 1891 1865 evolvere
1912 1828 1991 1864 lite-

284 1900 358 1926 ras,
390 1887 490 1923 Pauli
521 1898 687 1933 measque
718 1887 888 1934 epistolas
920 1887 1097 1925 lectitare,
1133 1892 1184 1921 tot
1216 1887 1472 1933 legationibus,
1516 1891 1569 1920 tot
1599 1885 1812 1924 frederibus,
1855 1890 1908 1919 tot
1937 1896 1991 1920 ra—

285 1943 453 1982 tionibus,
486 1949 539 1978 tot
560 1941 804 1990 exercitibus[,
839 1949 891 1977 tot
914 1940 1121 1991 triumphis]
1146 1947 1341 1989 ‹chcupato'l
1372 1943 1417 1977 At
1437 1948 1565 1977 ceterae
1589 1941 1730 1988 quidem
1751 1946 1845 1976 artes
1868 1952 1991 1976 omnes
2004 1947 2037 1971 3⁰

285 1999 437 2033 animum
468 1998 671 2033 desiderant
701 1998 854 2033 sordidis
884 2010 1030 2033 vacuum
1061 1998 1175 2037 euris;
1207 1998 1338 2032 Christi
1369 2009 1450 2032 vero
1482 1997 1668 2044 disciplina
1690 2002 1815 2044 pectus
1837 1997 1992 2043 requirit

286 2054 326 2089 ab
359 2054 453 2089 omni
485 2054 652 2100 contagio
686 2059 837 2089 terrena}
861 2054 1113 2089 sollicitudinis
1136 2054 1447 2100 purgatissimum:
1480 2064 1543 2088 nec
1565 2053 1657 2088 enim
1680 2058 1798 2088 tantus
1820 2052 1992 2099 magister

285 2122 302 2145 e
334 2109 424 2145 offilo
455 2110 637 2144 descendit
668 2110 702 2144 in
734 2115 865 2147 terras,
898 2115 937 2144 ut
969 2109 1106 2144 facilem
1139 2109 1291 2156 aliquam
1324 2116 1383 2144 aut
1415 2109 1594 2156 vulgarem
1625 2108 1889 2156 philosophiam
1922 2114 1992 2143 tra-

285 2166 385 2200 deret
416 2165 646 2203 mortalibus;
686 2176 757 2200 non
790 2165 907 2200 ociosa
941 2177 1054 2212 neque
1087 2177 1209 2200 secura
1239 2165 1418 2212 professio
1450 2171 1503 2200 est
1535 2176 1613 2200 esse
1643 2165 1899 2204 Christianum,
1933 2176 1991 2199 vo-

285 2221 441 2268 luptates
471 2233 536 2256 ceu
566 2232 738 2256 venenum
770 2222 972 2267 asl'wl'n:il·i‚
1013 2222 1152 2256 divitias
1192 2222 1337 2268 perinde
1378 2227 1414 2256 ut
1448 2221 1560 2255 lutum
1592 2220 1746 2260 calcare,
1787 2220 1892 2255 vitam
1923 2231 1989 2267 pro
2003 2227 2036 2252 35

286 2277 398 2312 nihilo
429 2277 575 2313 ducere:
609 2274 703 2325 [lucc
734 2282 788 2312 est
809 2276 997 2311 Christiani
1019 2277 1173 2312 hominis
1205 2276 1385 2324 professio
1402 2274 1428 2325 1]
1461 2277 1537 2312 hzec
1570 2276 1791 2312 intoleranda
1828 2276 1993 2311 ridentur

376 2396 383 2415 ¹
413 2397 495 2428 Chr.
516 2407 595 2428 esse
613 2407 736 2427 verum
754 2397 869 2437 princ.
890 2399 982 2428 1.10.
1031 2395 1044 2415 2
1062 2397 1213 2428 tradidit
1233 2399 1319 2428 1.10.
1340 2397 1440 2428 dedit
1458 2399 1720 2429 2.3.5.5.11.15.
1746 2396 1875 2428 Matth.
1894 2396 1990 2427 XVI.

288 2452 338 2484 19.
360 2452 433 2492 „Et
449 2453 510 2483 tihi
526 2453 618 2483 dabo
636 2455 745 2483 clares
762 2452 823 2483 ἂρ.
872 2451 884 2470 3
905 2453 1153 2493 comprobavit
1171 2455 1260 2484 5.15.
1310 2452 1322 2471 ⁶
1342 2452 1536 2483 cristiana·
1555 2456 1588 2484 5.
1637 2453 1648 2472 ἕ
1667 2453 1885 2484 revocabam
1904 2454 1991 2483 1.10.

286 2509 458 2539 revocavi
477 2510 544 2539 alii.
596 2504 722 2550 ileunqg
743 2510 772 2538 1.
801 2517 974 2549 quoeunq;
995 2510 1046 2538 10.
1096 2508 1108 2526 ⁹
1136 2508 1254 2539 simile
1274 2510 1327 2539 tui
1346 2511 1605 2541 2.3.5.8.11.15.
1656 2508 1690 2528 ¹⁰·
1703 2509 1754 2548 Cf.
1772 2509 1851 2541 Aet.
1869 2508 1991 2548 Apost.

286 2565 326 2594 V.
351 2570 448 2595 1...1‹·.
484 2563 636 2605 saphera
655 2566 684 2594 1.
713 2563 851 2604 Saplita
869 2567 900 2594 5.
934 2563 1096 2604 Saphyra
1117 2566 1168 2595 10.
1219 2563 1245 2583 ¹²
1271 2566 1388 2600 inimo,
1410 2563 1507 2604 (imo.
1528 2564 1634 2603 5.11.)
1661 2568 1698 2595 et
1722 2564 1814 2605 quod
1832 2574 1902 2595 non
1920 2565 1991 2594 23.

286 2623 469 2652 5.s.11.15.
543 2619 568 2639 ¹³
594 2619 792 2661 perniciem
820 2622 1136 2651 2.3.5.8.10.11.15.
1201 2619 1226 2639 Η
1253 2620 1486 2662 cathalogum
1512 2622 1542 2651 1.
1577 2619 1745 2661 catalogo
1774 2621 1898 2651 2811.
1934 2629 1993 2649 ea-

286 2676 434 2718 thalogo
462 2679 496 2708 3.
524 2675 758 2717 cathalagum
783 2678 814 2706 5.
843 2675 1050 2717 catalogum
1076 2678 1187 2706 10.15.
1238 2675 1264 2694 ¹³
1290 2676 1391 2706 addis
1418 2678 1585 2707 2.3.5'.11.
1641 2675 1666 2694 ¹⁰
1693 2675 1747 2706 Cf.
1767 2676 1868 2715 impr.
1888 2673 1992 2705 Paul.

288 2742 343 2772 ep.
363 2732 409 2762 11.
431 2732 477 2763 ad
495 2732 576 2763 Cor.
594 2731 695 2762 XIII.
713 2730 766 2761 23.
846 2729 873 2748 '³2
899 2731 1062 2772 pericula
1080 2742 1140 2763 om.
1163 2734 1250 2762 1.10.
1277 2732 1340 2763 sed
1359 2732 1405 2762 cf.
1424 2731 1526 2762 Paul.
1547 2731 1569 2763 l.
1590 2742 1618 2763 c.
1637 2742 1670 2762 v.
1690 2730 1743 2762 26.
1814 2740 1900 2761 vere
1925 2730 1991 2771 Ap.

286 2790 546 2819 2.3.5.8.11.15.
617 2785 646 2806 ²4
671 2787 890 2817 retraxerint
916 2789 945 2817 1.
1011 2797 1089 2818 cum
1116 2787 1260 2819 Christo
1287 2789 1546 2819 2.3.5.8.11.15.
1594 2785 1622 2806 ²5
1647 2797 1730 2817 nani
1756 2787 1816 2827 qui
1835 2786 1902 2816 tibi
1919 2788 1993 2817 2.3.

286 2845 468 2874 5.8.11.15.
539 2843 651 2875 otium
676 2843 934 2873 2.3.5.5.11.15.
1006 2842 1035 2862 3⁰
1059 2868 1067 2883 ,
1087 2847 1141 2874 tot
1166 2843 1358 2884 triumphis
1384 2839 1445 2875 07'72.
1468 2845 1554 2874 1.10.
1619 2844 1798 2883 aceupato
1825 2843 1878 2873 15.
1934 2852 1992 2872 ce-

285 2899 356 2930 teri
381 2901 411 2929 1.
504 2898 531 2918 3¹
559 2898 776 2938 desp-derant-
801 2900 921 2929 2.3.5.
1015 2897 1042 2917 32
1067 2899 1312 2930 solicitudinis
1338 2900 1437 2929 2.10.
1536 2897 1564 2917 ²⁹
1589 2898 1707 2929 otiosa.
1733 2899 1991 2929 2.3.5.8.11.15.

284 2952 354 2972 3⁴³⁵
378 2954 586 2996 voluptates
612 2964 734 2985 omnes
761 2963 827 2983 ceu
845 2956 1033 2986 2.3.5.S‘.71
1052 2957 1104 2986 15.
1168 2955 1196 2973 ³⁰
1219 2955 1299 2986 haec
1386 2955 1564 2996 p'rofessio
1584 2964 1648 2985 non
1665 2953 1740 2984 hab.
1762 2955 1851 2984 1.10.
1900 2953 1991 2983 Haec

287 3011 455 3051 quoniam
480 3009 723 3041 intolleranda
751 3009 906 3047 (intoler.
927 3011 1031 3049 815.)
1058 3011 1245 3050 uidentur,
1272 3011 1317 3041 iis·
1343 3011 1403 3051 qui
1423 3010 1503 3041 Chr.
1524 3021 1575 3051 sp.
1596 3019 1665 3040 nou
1691 3009 1775 3048 [non
1794 3019 1854 3039 (tm.
1877 3010 1909 3039 3.
1932 3009 1992 3049 qui

285 3077 356 3097 non
383 3065 465 3096 Chr.
485 3075 536 3106 sp.
557 3065 604 3103 8,)
631 3067 805 3106 aguntur,
834 3065 877 3095 ad
905 3067 1164 3097 2.3.‚73.8.IJ.75.
