2101 3512
390 233 420 254 F.
441 232 473 253 Α.
495 233 524 252 Ι·’.
545 232 723 253 LiPAELLVS
751 233 795 252 DF.
823 233 934 252 OmTv
962 233 1051 253 IYLH
1083 234 1111 252 1‘.
1133 233 1166 254 M.
1245 232 1278 254 Α.
1298 232 1331 252 D.
1354 232 1515 254 M.D.X111.
1703 211 1787 256 441

97 335 317 370 thoritatem.
374 341 548 381 praeterea
580 336 699 371 nullus
731 337 786 371 hie
818 337 967 375 assidet,
1008 337 1092 384 quin
1124 336 1189 370 sibi
1221 342 1324 383 putet
1355 336 1487 382 aliquid
1515 336 1682 371 adversus
1713 347 1802 383 pon-

99 390 227 426 tificem
260 390 367 426 licere
399 391 540 425 concilii
575 391 701 431 titulo,
747 392 913 427 nimirum
945 392 1030 427 alias
1065 392 1244 427 invictum.
1305 392 1455 439 proinde
1480 392 1535 426 vix
1566 391 1678 426 ullum
1718 403 1802 427 con-

97 446 216 481 cilium
245 451 314 481 tain
349 446 501 482 feliciter
530 448 659 486 cessit,
699 448 784 495 quin
816 460 973 483 summus
1007 448 1064 482 ille
1102 448 1264 495 pontifex
1304 460 1373 483 non
1412 447 1564 494 aliquam
1604 448 1798 482 maiestatis

98 514 171 537 suze
198 502 368 537 iacturam
397 503 568 542 senserit,
609 504 797 550 minusque
829 516 986 539 summus
1018 504 1242 539 discesserit:
1285 504 1385 539 cuius
1423 504 1474 539 rei
1505 504 1557 538 vel
1590 504 1665 550 ipse
1697 504 1799 539 testis
1815 507 1891 538 §.6¹-

68 568 176 592 51⁷·sse
209 564 331 605 potes,
364 558 430 593 nisi
465 570 614 605 prorsus
644 560 790 594 excidit:
836 571 914 594 nam
947 566 1261 606 quantumcunque
1296 560 1437 606 quidem
1465 560 1508 594 de
1538 560 1643 595 rebus
1673 559 1801 605 ageba-

100 619 157 648 tur
189 614 366 653 leviculis,
399 626 468 649 non
500 614 542 648 de
575 615 732 661 imperiis
761 621 796 649 et
833 616 941 661 regiis
972 615 1156 653 censibus,
1189 621 1303 650 tamen
1334 615 1479 650 lacobus
1511 628 1617 650 ausus
1644 621 1699 650 est
1734 621 1801 651 tuae

100 670 255 704 orationi
288 681 359 704 non
392 670 477 704 nihil
509 670 550 704 de
580 682 644 704 suo
675 671 824 705 addere:
856 672 984 706 etenim
1011 683 1089 706 cum
1123 676 1159 705 tu
1193 671 1346 717 gentiles
1381 682 1488 706 onere
1520 671 1679 707 Mosaicae
1712 671 1801 718 legis

98 725 130 759 in
164 730 277 760 totum
310 725 500 763 liberares,
546 725 694 761 Iacobus
727 727 919 761 succedens
952 727 1223 762 fornicationem
1257 727 1411 774 excepit,
1461 733 1495 761 et
1526 728 1735 773 sanguinem
1767 734 1801 763 et

97 780 357 828 idolothytum,
397 781 503 815 veluti
536 782 721 828 corrigens
751 788 844 817 tuam
874 783 1107 828 sententiam,
1148 788 1185 817 ut
1219 783 1323 817 hodie
1354 783 1425 817 sint
1454 782 1512 828 qui
1546 783 1610 818 hae
1639 795 1676 818 re
1707 795 1802 818 eoni-

53 836 185 871 iomoti
217 849 288 872 non
322 837 404 876 tihi,
437 837 495 872 sed
526 837 651 872 Iacobo
684 844 809 885 putent
840 839 953 874 fuisse
982 839 1106 873 summi
1137 837 1315 885 pontificis
1347 839 1612 873 authoritatem.

178 893 355 928 Petrus.
406 893 517 927 Unum
552 894 662 940 igitur
690 894 921 941 spectandum
953 894 1151 932 existimas,
1186 899 1223 928 ut,
1253 893 1345 928 salva
1369 895 1415 929 sit
1442 894 1538 940 regia
1563 895 1687 929 summi
1711 907 1798 942 pon·
1815 898 1890 929 §.02

99 947 200 983 tifieis
228 949 414 987 maiestas,
446 961 484 983 ac
514 961 584 984 non
614 950 726 996 magis
758 950 898 997 publica
932 950 1067 985 utilitas
1100 950 1149 984 rei
1181 950 1415 985 Christianae?

180 1004 338 1040 lulius.
385 1005 435 1039 Ad
466 1017 568 1040 suum
596 1006 746 1052 quisque
772 1007 959 1052 negocium
983 1011 1140 1053 spectat,
1174 1017 1238 1041 nos·
1261 1010 1423 1040 nostrum
1446 1006 1583 1053 agimus
1606 1007 1800 1053 negotium.

178 1061 355 1096 Petrus.
408 1061 513 1108 Atqui
555 1061 582 1095 si
614 1061 775 1096 Christus
816 1062 907 1097 idem
939 1063 1099 1101 fecisset,
1143 1062 1208 1096 iam
1249 1073 1318 1096 non
1355 1068 1449 1097 esset
1486 1062 1654 1101 ecclesia,
1701 1063 1801 1098 cuius

56 1121 131 1151 ¹5te
163 1117 388 1152 monarcham
421 1117 558 1151 iactitas
590 1129 687 1156 esse:
717 1123 747 1152 et
784 1129 852 1152 non
883 1118 982 1152 video
1012 1118 1070 1164 qui
1103 1117 1308 1155 conveniat,
1341 1123 1379 1152 ut
1411 1118 1469 1164 qui
1493 1118 1623 1153 Christi
1653 1118 1801 1154 vicarius

95 1172 267 1219 appellari
300 1173 469 1219 gaudeat,
503 1173 644 1208 Christo
675 1174 811 1208 diversa
845 1179 1026 1220 sequatur.
1082 1173 1149 1208 Sed
1182 1173 1267 1207 illud
1290 1174 1355 1208 iani
1379 1174 1520 1220 expedi,
1553 1186 1703 1220 quanam
1725 1180 1800 1209 arte
1816 1176 1893 1207 §.6¹AE

95 1228 356 1263 schismaticum
391 1228 493 1268 illud,
527 1229 577 1264 uti
608 1235 643 1264 tn
677 1240 796 1268 vocas,
829 1229 1017 1264 concilium
1046 1229 1281 1264 discusseris?

178 1283 333 1319 Iulius.
386 1285 500 1319 Dicam
532 1285 713 1331 equidem,
746 1296 936 1331 assequere
960 1285 987 1320 si
1011 1290 1133 1332 potes:
1175 1285 1329 1319 Primum
1360 1286 1612 1332 Imperatorem
1650 1286 1803 1321 Maximi-

96 1339 225 1374 lianum
257 1352 335 1375 cum
369 1352 432 1387 per
462 1340 630 1376 solennes
660 1341 806 1375 nuntios
838 1341 1027 1376 concilium
1061 1341 1253 1379 indixerat,
1288 1352 1351 1387 per
1382 1352 1451 1375 non
1484 1341 1652 1376 dicendos
1679 1343 1802 1377 modos

50 1404 84 1429 20
99 1395 142 1430 ah
165 1396 332 1431 instituto
356 1396 517 1431 subduxi.
558 1397 736 1432 Praeterea
760 1397 957 1432 cardinales
981 1397 1117 1443 aliquot
1139 1403 1214 1432 arte
1242 1396 1347 1431 simili
1370 1397 1532 1443 persuasi
1564 1402 1600 1432 ut
1623 1398 1717 1444 quod
1740 1410 1803 1445 pu-

94 1451 234 1487 blicatis
265 1453 331 1487 iam
365 1453 614 1487 instrumentis
639 1459 855 1492 statuerant,
894 1465 1034 1488 rursum
1066 1453 1187 1488 accitis
1211 1453 1360 1488 notariis
1387 1458 1422 1487 et
1446 1452 1596 1488 testibus
1618 1459 1802 1500 negarent.

177 1508 351 1543 Petrus.
396 1510 447 1543 Au
480 1509 574 1544 istud
606 1509 713 1544 licet?

174 1564 334 1608 Iulius.
386 1564 474 1608 Quid
507 1565 540 1599 ni
570 1564 673 1600 liceat
705 1565 927 1612 approbante
955 1576 1092 1600 summo
1122 1564 1314 1611 pontifice?
1817 1567 1894 1597 §.tm

178 1621 358 1656 Petrus.
411 1620 525 1663 Quid?
574 1621 685 1667 igitur
718 1621 744 1655 si
776 1621 887 1660 vote-t,
936 1621 1178 1656 iusiurandum
1220 1620 1463 1655 iusiurandum
1499 1632 1569 1656 non
1607 1627 1678 1660 est,
1717 1628 1802 1657 uta

50 1684 83 1708 ⁴2⁷»
100 1688 170 1724 quo
203 1676 334 1723 passim
369 1689 458 1723 quos
493 1677 563 1712 vult
597 1677 746 1712 liberat?

176 1732 340 1767 lulius.
390 1732 460 1768 Sed
488 1739 603 1768 tamen
632 1739 669 1768 ut
702 1734 853 1779 ingenue
879 1734 1012 1773 dicam,
1059 1738 1131 1767 erat
1167 1733 1199 1767 id
1231 1732 1338 1780 paulo
1378 1732 1518 1778 quidem
1552 1733 1802 1780 impudentius,

98 1800 218 1824 verum
250 1800 321 1823 non
354 1789 497 1836 patebat
528 1789 579 1824 via
609 1790 841 1824 coiiiinmlioi‘.
896 1789 1024 1824 Deinde
1053 1801 1129 1824 cum
1163 1788 1321 1823 vuleham
1356 1789 1515 1823 futurum
1548 1794 1583 1822 ut
1614 1789 1804 1824 nonnullo-

95 1855 172 1880 rum
204 1845 334 1879 invidia
365 1845 518 1880 concilio
550 1857 756 1892 premerer,
798 1845 946 1880 maxime
980 1845 1074 1891 quod
1100 1845 1150 1880 sic
1177 1850 1272 1879 esset
1303 1845 1493 1883 indictuni,
1523 1850 1561 1879 ut
1594 1856 1664 1879 non
1687 1845 1804 1881 exclu-

94 1901 216 1939 derer,
258 1901 317 1935 sed
353 1901 565 1948 suppliciter
594 1901 762 1936 iniitarer
790 1912 1011 1948 rogarerque
1040 1901 1252 1948 prfesidere,
1295 1900 1369 1935 vide
1402 1912 1505 1947 quam
1540 1901 1607 1935 iam
1642 1901 1802 1936 technam

186 2076 239 2096 ¹³³⁰
266 2079 437 2109 Preterea
452 2079 479 2110 1.
507 2079 673 2118 Denique
687 2078 945 2110 2.3.5.8.11.15‚
1001 2076 1013 2095 3
1040 2078 1124 2118 quin
1143 2080 1171 2108 1.
1199 2078 1261 2107 sed
1285 2088 1347 2107 mm
1367 2077 1482 2107 ancisus-0
1501 2087 1549 2118 sq.
1572 2087 1641 2107 non
1707 2077 1803 2120 quin]

94 2137 134 2164 ut
154 2136 411 2166 2.3.5.8.11.15.
481 2132 495 2152 4
521 2131 663 2164 disserit
690 2135 718 2166 1.
748 2133 825 2165 (non
853 2136 922 2165 10.1
988 2133 999 2151 5
1024 2133 1114 2164 Nam
1142 2131 1217 2174 eta]
1254 2133 1303 2172 Cf.
1331 2133 1407 2164 Act.
1434 2134 1558 2173 Apost.
1583 2134 1658 2167 XV.
1678 2133 1709 2164 5.
1730 2144 1805 2176 sqq.

93 2190 184 2220 Nam
204 2200 406 2230 quanquam
426 2193 500 2220 tum
527 2187 588 2219 (tn.
601 2191 632 2220 3.
661 2192 795 2220 tamen.
815 2193 846 2223 8.
875 2194 960 2221 tunc
974 2190 1039 2229 11.)
1060 2200 1092 2230 q.
1105 2189 1136 2220 d.
1150 2200 1175 2220 r.
1190 2189 1296 2220 leuie.
1311 2200 1367 2230 ag.
1382 2192 1548 2222 2.3.8.11.
1599 2189 1611 2207 ⁶
1638 2189 1806 2221 leviculis

96 2256 154 2286 ag.
177 2247 226 2276 15.
301 2246 481 2282 censibus,
510 2250 547 2276 ut
573 2256 677 2283 nunc,
706 2248 965 2278 2.3.5.8.11.J5.
1036 2243 1171 2286 tamen]
1201 2246 1242 2276 οῦ
1264 2247 1292 2276 1.
1321 2255 1400 2276 cum
1420 2247 1471 2275 10.
1521 2245 1533 2264 ⁶
1560 2245 1691 2276 addere
1718 2248 1806 2278 1.10.

97 2301 259 2333 adiicere
288 2303 550 2334 2.3.5.8,11.15.
645 2304 683 2331 tu
709 2306 799 2334 omis,
819 2305 909 2334 5.15.
1004 2301 1016 2320 '3
1042 2301 1239 2332 liberasses
1266 2303 1465 2334 2.3.5.8.11.
1559 2299 1694 2342 Iacob.]
1727 2302 1804 2332 Aet.

96 2359 217 2398 Aliost.
239 2360 257 2389 l.
278 2368 305 2388 (κ
332 2369 360 2390 υ.
379 2356 433 2387 20.
475 2357 664 2390 „scribere
693 2358 738 2388 ad
766 2368 843 2395 eos,
879 2362 916 2389 ut
945 2358 1157 2389 abstineant
1183 2367 1220 2388 se
1255 2368 1275 2387 a
1302 2357 1674 2388 contaminationibus
1700 2357 1806 2387 simu>

96 2413 275 2444 laerorum
303 2417 338 2444 et
364 2414 608 2445 fornicatione
638 2417 671 2443 et
698 2414 887 2445 suffocatis
921 2418 956 2444 et
989 2414 1203 2453 sanguin&⁷
1298 2413 1309 2430 ³³
1336 2411 1502 2453 idolotln]
1536 2408 1804 2450 εἰδωλόθυτον,

97 2469 203 2500 idolis
230 2469 454 2500 inmolatum.
526 2469 705 2509 hodieque
734 2471 898 2502 2.3.8.11,
941 2470 1046 2500 hodie
1074 2479 1212 2510 quoque
1239 2471 1328 2500 545.
1409 2467 1431 2487 ¹¹
1459 2469 1576 2499 [nuni
1602 2470 1690 2499 omis.
1710 2472 1741 2501 5,
1753 2471 1805 2499 15.

96 2525 144 2567 ig.
164 2525 252 2555 illud
271 2536 322 2565 sp.
344 2527 544 2558 2,3.5.15*.11,
596 2524 621 2543 ¹²
646 2525 698 2555 rei
719 2527 805 2558 1.10.
834 2526 922 2566 reip.
944 2527 1110 2559 2.3.8.11.
1162 2524 1186 2543 ¹³
1205 2525 1396 2565 negocium
1409 2523 1456 2565 sp.
1471 2526 1556 2556 1,10.
1586 2525 1806 2555 commodum

96 2582 356 2613 2.3.5.S.11.l5.
452 2581 637 2621 neg-otium
664 2581 694 2611 h.
715 2583 734 2611 l.
762 2583 885 2614 [5⁴15.
935 2583 1126 2623 negocium
1153 2583 1248 2612 2.3.8
1267 2583 1376 2613 10.11.
1474 2579 1498 2599 11
1529 2591 1598 2611 non
1625 2583 1805 2611 J.5.]0.15.

96 2647 163 2667 nee
184 2639 215 2667 2.
260 2647 303 2667 ne
326 2638 452 2670 3,8,11.
516 2635 540 2654 ¹³³
567 2647 645 2667 csse.
672 2637 821 2667 iactitas
848 2640 955 2669 2.3.5.
999 2647 1076 2674 csse
1104 2638 1276 2668 iactitas‘?
1302 2639 1449 2669 8.ll.15‚
1512 2635 1538 2655 ¹⁷
1567 2634 1807 2667 scismaticum

98 2694 127 2724 1.
146 2697 179 2722 ut
202 2695 297 2723 solet.
396 2691 463 2711 ”⁹¹²¹
488 2692 777 2723 Maxiinilianuni
810 2692 877 2731 (sic
906 2694 1000 2724 enim
1025 2694 1174 2733 uocant)
1208 2697 1246 2723 ut
1280 2697 1332 2723 est
1365 2703 1454 2723 unus
1481 2693 1635 2723 omnium
1660 2693 1805 2723 minime

97 2747 277 2787 difficilis⁷
306 2749 455 2779 tametsi
482 2750 618 2779 (tamen
639 2748 728 2788 3.8.)
756 2758 819 2788 per
844 2751 1104 2783 2.3.5.8.11.15.
1192 2748 1217 2768 ¹⁰
1244 2749 1396 2779 nuncios
1424 2750 1678 2781 2.3.5.5.10.11.
1752 2750 1805 2779 ta-

97 2813 177 2833 men
204 2813 274 2834 non
301 2803 465 2835 dicendis
492 2804 604 2835 modis
632 2804 676 2834 ab
703 2805 785 2835 inst.
807 2804 933 2835 seduxi
960 2807 1221 2837 2.3.5.9.11.15.
1255 2804 1422 2845 (subduxi
1443 2806 1570 2836 3311.
1606 2802 1806 2844 [Imperato-

95 2870 162 2890 rem
187 2860 251 2890 sibi
273 2870 496 2891 successorem
518 2862 596 2900 fore
619 2861 812 2900 promisisse
838 2859 1167 2902 vidctu7‘ponte'seoe.]
1216 2860 1244 2880 ²⁰
1270 2860 1525 2891 Cal-‹linalibus
1544 2861 1805 2893 2..3.5.8.11.15.

95 2914 121 2934 ²¹
149 2925 287 2946 rursum
312 2917 404 2947 omis.
424 2919 518 2947 5.15.
593 2926 636 2946 ae
662 2915 830 2953 testibus,
858 2918 1117 2949 2.3..7.8.11.15.
1196 2918 1368 2959 negarint
1394 2918 1489 2947 2.]5.
1532 2918 1711 2956 negarunt
1731 2917 1806 2947 3.5.

96 2974 275 3012 negarent
294 2973 478 3004 1.8.10.11.
543 2970 570 2990 2¹
596 2971 709 3003 violet
728 2974 780 3004 15.
845 2971 1091 3002 iusiurandum
1116 2977 1215 3004 semel
1240 2978 1363 3004 tantum
1389 2973 1507 3003 hahent
1535 2973 1621 3003 Lm.
1685 2969 1713 2989 ²⁶
1732 2971 1807 3011 qui-

97 3027 176 3057 dem
202 3027 310 3068 paulo
337 3029 560 3059 2.3.8.ll.15.
603 3028 637 3058 id
666 3031 745 3059 erat
769 3027 877 3068 paulo
904 3027 1046 3068 quidem
1071 3031 1102 3059 5.
1203 3028 1230 3047 2⁷
1255 3032 1295 3059 ut
1321 3028 1415 3070 apud
1446 3026 1635 3058 nonnullos
1668 3026 1808 3057 inuidia

98 3081 254 3113 concilii
280 3085 538 3114 2.3.5.8.11.15.
