2101 3512
212 335 234 365 ἕ.
246 335 286 362 30.

208 779 283 810 §.31.

206 1554 227 1585 δ.
239 1556 278 1583 33.

204 2003 279 2034 134.

203 2451 279 2482 §.3:3.

303 209 395 254 592
878 226 1028 247 DIALOGI
1056 226 1408 248 Psssvnouv'rrnmcx.

384 332 509 367 Dixit
546 329 827 376 Pasquillus.
879 329 963 364 Cum
1004 341 1118 375 nuper
1162 329 1250 364 clam
1290 330 1432 364 Romam
1478 330 1622 365 fuissem
1664 331 1845 377 ingressus
1884 343 1984 378 pere-

298 389 400 435 grino
445 386 585 425 habitu,
632 385 800 431 quadriga
842 385 1035 419 vehebatur
1079 385 1241 419 Pontifex
1280 385 1319 420 ad
1362 397 1520 431 campum
1557 385 1716 421 Martium
1755 387 1983 433 comburemli

299 455 403 478 causa
433 442 542 477 libros
573 441 730 475 doctoris
772 440 909 475 Martini
940 446 974 476 et
1014 440 1109 476 illius
1148 441 1350 487 iinagineul;
1389 453 1509 476 verum
1546 452 1624 476 eum
1660 442 1702 476 de
1740 454 1838 477 more
1880 442 1983 477 vellet

297 498 526 537 descendere,
564 508 722 543 praeceps
753 496 884 531 labitur
915 508 1126 543 nasumque,
1167 497 1225 543 qui
1258 496 1307 531 illi
1339 497 1494 531 aduncus
1525 502 1578 531 est
1609 509 1647 532 ac
1686 497 1907 544 prtelongus‚
1949 503 1984 532 et

298 554 431 589 vultum
465 553 499 587 in
530 558 608 587 rota
653 552 815 598 impegit:
857 552 948 587 bona
979 553 1139 591 fortuna,
1181 564 1259 587 cum
1298 553 1467 587 cervicem
1506 552 1669 599 frangere
1707 553 1905 592 debuisset,
1945 554 2010 588 nis

298 623 314 645 a
345 608 580 655 stipatoribus
612 608 739 642 suisset
769 613 1016 654 praeservatus.
1078 609 1159 655 quid
1191 609 1219 643 si
1253 608 1329 643 ideo
1362 609 1453 643 sorte
1485 614 1720 655 praeservans
1751 615 1823 648 est,
1863 615 1901 644 ut
1931 620 1984 644 sa-

296 666 369 712 piat
402 665 537 699 tandem
569 676 607 699 ae
639 669 831 709 cognoscat
861 676 898 700 se
920 676 997 699 esse
1019 671 1257 711 peccatorem,
1289 665 1497 711 desinatque
1520 664 1658 699 tandem
1680 665 1879 700 dementare
1902 664 1984 700 Ger-

297 721 443 756 manos?

379 776 498 811 Dixit
528 775 762 810 Vadiscus.
813 775 1001 811 Martinum
1031 776 1223 811 Lutherum
1254 777 1365 811 virum
1396 775 1493 811 illum
1532 775 1763 811 venerabilem
1803 781 1838 811 et
1868 776 1984 823 piissi-

298 844 409 871 mum,
441 832 590 867 alterum
621 836 752 866 nostra·r
784 832 896 866 aetatis
928 831 1196 880 Hieronymum,
1229 833 1258 867 si
1290 833 1369 879 quis
1400 832 1656 871 combusserit,
1689 832 1982 879 quemadmodum
1999 841 2029 866 10

299 889 412 935 ignem
444 888 510 923 sibi
540 887 718 922 minantur
749 888 1006 928 Romanenses,
1038 899 1140 923 nemo
1172 888 1240 923 hoc
1271 888 1375 923 faciet
1405 888 1471 923 nisi
1503 888 1672 923 haeretici.

381 945 496 979 Dixit
525 943 803 989 Pasquillus.
854 944 975 978 Audivi
1014 944 1081 979 boc
1124 956 1213 979 anno
1253 944 1542 980 concionatorem
1582 944 1757 991 impendio
1789 943 1983 991 loquacem,

297 1000 356 1035 sed
389 1000 587 1039 imbutum,
630 1000 688 1045 qui
728 999 866 1034 monuit
903 999 1071 1046 plrebem,
1113 1011 1183 1046 quo
1225 1006 1345 1035 caveat
1383 1011 1400 1034 a
1438 1000 1591 1035 lectione
1622 999 1794 1034 librorum
1826 1000 1983 1039 Lutberi,

297 1057 391 1103 quod
422 1056 530 1091 multa
562 1056 633 1090 sint
672 1056 706 1090 in
747 1055 815 1090 illis
849 1056 976 1091 acriter
1006 1061 1041 1091 et
1072 1055 1252 1091 hostiliter
1289 1056 1380 1091 dicta
1421 1056 1454 1090 in
1485 1056 1701 1091 Pontificem.
1761 1056 1828 1090 boc
1869 1061 1984 1090 autem

296 1123 365 1146 nou
395 1112 498 1152 dixit,
540 1112 619 1158 quia
657 1112 697 1146 ad
729 1123 807 1147 eum
838 1111 970 1158 aliquid
1000 1112 1196 1158 pertineret
1225 1112 1267 1147 de
1298 1112 1478 1147 animabus
1510 1111 1704 1151 lia-randis,
1745 1124 1831 1159 quas
1863 1111 1982 1158 potius
2000 1120 2030 1145 15

296 1168 427 1203 salvare
458 1168 627 1203 debuerat
657 1179 721 1214 per
750 1168 947 1202 doctrinam
980 1168 1141 1207 Lutberi,
1182 1169 1241 1203 sed
1281 1168 1361 1215 quia
1399 1169 1473 1215 ipse
1511 1173 1691 1203 scortator
1728 1173 1782 1203 est
1814 1168 1983 1203 maximus

295 1230 329 1259 et
360 1225 586 1264 Curtisauus;
629 1224 704 1258 ideo
743 1235 785 1258 ne
827 1224 910 1270 quid
949 1223 1014 1259 sibi
1054 1225 1311 1259 diminueretur
1340 1224 1382 1258 de
1413 1224 1598 1271 stipendiis
1631 1224 1671 1258 ad
1702 1223 1823 1259 alenda
1855 1229 1983 1262 scorta,

295 1280 336 1315 ad
366 1280 586 1315 delloralldas
619 1280 790 1325 virgines,
824 1291 861 1315 ea
893 1280 998 1314 dixit:
1030 1292 1108 1315 nam
1138 1281 1180 1315 de
1210 1280 1371 1315 doctrina
1403 1292 1485 1315 sana
1516 1285 1554 1314 ut
1585 1279 1678 1314 illam
1710 1285 1846 1315 astruat
1868 1286 1902 1314 et
1923 1280 1985 1314 do-

294 1342 387 1375 ceat,
429 1336 609 1383 quomodo
648 1341 767 1383 potest
806 1336 852 1371 ita
893 1347 1139 1383 propugnare,
1182 1337 1227 1371 ita
1260 1337 1430 1375 insanire,
1453 1348 1555 1372 ,cum
1587 1335 1673 1370 nibil
1712 1347 1865 1382 unquam
1906 1335 1985 1370 atti-

295 1392 387 1439 gerit
426 1393 596 1427 bonarum
636 1391 836 1434 literarum,
878 1392 962 1427 nibil
1004 1404 1157 1439 unquam
1188 1398 1319 1439 praffter
1350 1392 1494 1427 Scotum
1525 1392 1706 1431 didicerit,
1750 1391 1905 1438 alioqui,
1946 1396 1983 1426 ut
1998 1400 2030 1425 20

295 1449 411 1483 meteri
454 1448 643 1496 sophistae,
683 1447 971 1494 loquacissimus,
1014 1448 1294 1487 indoctissinuis,
1337 1448 1627 1487 barbarissimos,
1667 1452 1701 1483 et
1742 1448 1883 1494 ingenio
1925 1447 1983 1482 de-

296 1504 465 1539 stitutus?

376 1561 500 1595 ltixit
532 1560 763 1595 Vadis-cus.
813 1560 1067 1595 Moscavienses
1109 1572 1215 1607 quum
1254 1559 1383 1595 vellent
1422 1560 1462 1594 ad
1492 1559 1682 1595 Ecclesiam
1721 1559 1835 1594 redire
1877 1564 1983 1606 atque

295 1616 430 1662 legatos
471 1628 556 1650 suos
596 1616 777 1651 misissent
808 1616 951 1651 Romam
990 1622 1151 1663 petentes
1192 1622 1230 1651 ut
1261 1616 1293 1650 in
1326 1615 1489 1651 Ecclesite
1520 1616 1694 1662 gremium
1726 1615 1982 1662 reciperentur,

293 1672 470 1708 Romanus
502 1672 659 1719 pontifex
694 1684 756 1719 pro
790 1672 1045 1711 inobedientia,
1087 1673 1178 1719 quod
1211 1684 1247 1707 se
1280 1683 1454 1707 summum
1486 1684 1525 1706 ac
1556 1672 1741 1707 maximum
1774 1683 1843 1706 non
1874 1682 2028 1717 agno-25

293 1729 442 1767 vissent,
489 1729 695 1764 adorassent
740 1728 957 1774 pontificem,
1005 1729 1114 1764 octies
1152 1734 1290 1764 centum
1330 1727 1426 1763 milia
1464 1728 1674 1763 ducatorum
1717 1728 1830 1775 petiit.
1890 1727 1983 1774 quod

293 1796 370 1819 cum
402 1784 450 1819 illi
485 1785 683 1823 audissent,
718 1784 841 1819 ‘Tanti’
873 1785 1039 1831 inquiunt
1072 1784 1247 1819 ‘nolumus
1279 1796 1344 1819 nos
1375 1795 1491 1819 emere
1522 1784 1711 1819 unionem?
1769 1784 1814 1819 De
1845 1783 1982 1818 Boemis

293 1841 412 1875 nescio
445 1841 527 1887 quid
560 1840 673 1875 simile
704 1846 819 1876 actum
850 1846 922 1879 est,
956 1853 1105 1887 quorum
1137 1841 1315 1887 principes
1347 1841 1387 1875 ad
1419 1840 1486 1875 hoc
1516 1845 1707 1879 conantur,
1741 1845 1779 1874 ut
1801 1840 1841 1874 ad
1864 1851 1982 1875 verum

293 1897 437 1931 redeant
468 1896 792 1931 Christianismum:
826 1902 960 1931 tantum
992 1897 1034 1932 de
1065 1896 1167 1931 bonis
1199 1896 1450 1932 ecclesiasticis
1473 1896 1585 1932 adbuc
1607 1896 1742 1943 agitur,
1775 1896 1870 1931 etde
1892 1895 1984 1930 I'on-

294 1952 401 1991 [ilice.
435 1964 538 1999 quem
569 1952 695 1987 nolunt
725 1953 871 1988 adorare
902 1964 967 1999 pro
999 1953 1077 1987 deo.
1996 1960 2028 1986 30

374 2009 499 2043 Dixit
528 2007 805 2054 Pasquillus.
856 2008 980 2043 Audivi
1021 2008 1063 2043 ab
1101 2008 1250 2043 indoctis
1290 2007 1499 2055 quibusdam
1538 2007 1738 2045 monacbis,
1780 2007 1821 2042 de
1853 2007 1982 2054 quibus

292 2076 362 2099 non
394 2069 532 2099 constat
564 2075 606 2098 an
639 2064 855 2099 indoctiores
887 2064 958 2099 sint
997 2076 1038 2099 an
1077 2064 1344 2103 sceleratiores,
1386 2064 1479 2111 quod
1509 2064 1679 2099 Martinus
1710 2063 1888 2098 Lutlierus
1919 2064 1983 2098 Bo-

293 2121 477 2155 bemorum
507 2131 665 2154 errorem
696 2120 872 2155 induxerit
911 2120 944 2154 in
977 2120 1215 2159 Germaniam,
1256 2132 1334 2155 cum
1373 2131 1493 2155 revera
1536 2119 1584 2154 illi
1626 2119 1789 2155 omnibus
1819 2119 1982 2154 Bohemis

293 2177 363 2211 sint
394 2176 556 2222 peiores:
599 2187 669 2211 non
711 2174 876 2211 obstante
915 2176 1023 2216 enim,
1065 2177 1158 2223 ‹piod
1196 2177 1268 2211 veri
1307 2176 1466 2211 monachi
1506 2187 1576 2210 nou
1616 2182 1719 2215 sunt,
1760 2175 1821 2211 sed
1852 2174 1980 2221 gulosi,

292 2232 434 2271 lubrici,
468 2232 582 2279 impii,
616 2231 765 2270 indocti,
805 2232 957 2279 adiposi,
999 2232 1139 2279 pietatis
1170 2232 1432 2272 destructores,
1473 2232 1576 2266 etiam
1609 2232 1736 2279 spurii,
1776 2231 1981 2278 proditores
1995 2239 2028 2265 35

292 2300 457 2327 suorum,
491 2294 525 2323 et
556 2287 790 2323 consessionis
823 2288 1209 2335 intemeratissima·ac
1241 2288 1486 2323 sacratissimae
1517 2287 1752 2327 revelatores,
1785 2287 1867 2323 sacti
1899 2293 1982 2322 sunt

292 2345 396 2379 etiam
429 2344 560 2379 iudices
591 2344 848 2390 cogitationum
880 2344 1092 2384 alienarum,
1132 2350 1166 2379 et
1204 2345 1375 2380 festucam
1414 2344 1532 2380 vident
1570 2345 1605 2379 in
1646 2343 1749 2380 oculo
1793 2344 1858 2378 viri
1889 2343 1982 2379 chri-

294 2400 518 2441 stianissimi,
551 2405 585 2435 et
616 2411 697 2435 suas
728 2400 893 2435 maximas
926 2401 1043 2436 trabes
1075 2411 1144 2436 non
1176 2401 1303 2436 vident.

378 2457 496 2491 Dixit
527 2456 758 2491 Vadiscus.
809 2456 991 2491 Maximum
1022 2463 1268 2503 argumentum
1299 2462 1370 2496 est,
1410 2456 1592 2504 probatam
1631 2456 1829 2491 doctrinam
1859 2456 1982 2491 docto-

293 2514 341 2548 ris
372 2513 511 2547 Martini
543 2512 707 2552 Lutberi,
748 2512 841 2558 quod
871 2513 1113 2559 Augustenses
1146 2513 1211 2548 iam
1242 2514 1332 2548 duos
1363 2512 1415 2548 vel
1449 2519 1519 2548 tres
1549 2512 1755 2547 deiecerunt
1785 2511 1827 2547 ab
1859 2510 2025 2546 0111011140

291 2569 502 2617 przedicandi
533 2567 695 2616 publico,
735 2569 829 2615 quod
860 2568 1014 2603 Lutbero
1053 2581 1123 2604 non
1155 2570 1330 2609 faverent,
1369 2569 1546 2604 Urbanum
1575 2568 1739 2615 Regium,
1778 2569 1890 2602 virum
1919 2567 1981 2602 do-

289 2626 506 2664 ctissimum,
545 2625 692 2660 maxima
733 2625 879 2671 pecunia
919 2625 1163 2660 conduxerunt
1195 2626 1254 2672 qui
1287 2625 1357 2660 illis
1389 2625 1585 2672 synceriter
1615 2625 1806 2659 annunciet
1835 2623 1979 2658 verbum

289 2683 344 2717 dei
376 2681 568 2717 secundum
599 2681 842 2716 institutiones
873 2681 1034 2717 Lutberi:
1078 2682 1255 2728 quomodo
1295 2681 1369 2717 fieri
1409 2686 1547 2729 potest,
1588 2686 1627 2716 ut
1665 2680 1786 2717 civitas
1826 2685 1893 2715 tam
1923 2691 1980 2714 so-

378 2858 391 2878 2
415 2860 494 2891 Νο11
520 2859 666 2890 memini
690 2857 782 2889 hunc
810 2868 931 2889 casum
957 2857 1045 2889 alibi
1072 2862 1255 2890 narratum
1280 2868 1334 2889 me
1361 2857 1493 2899 legere.
1566 2857 1577 2875 f·
1603 2860 1726 2898 saptat
1754 2858 1781 2886 1.
1859 2855 1871 2874 ⁷
1896 2866 1977 2896 pee-

292 2926 412 2946 carem
438 2918 467 2946 1.
547 2914 573 2934 ¹0
604 2913 686 2955 sibi]
720 2914 764 2944 ei.
857 2912 885 2933 ²3
917 2914 971 2945 Cf.
990 2916 1141 2946 Hutteni
1177 2915 1255 2955 [λαμ
1285 2915 1351 2945 mid
1378 2924 1524 2945 vorman.
1550 2923 1582 2944 v.
1602 2911 1676 2944 353.
1696 2922 1770 2951 sqq.
1861 2909 1889 2929 3⁷
1922 2910 1977 2941 Cf.

290 2972 418 3002 Matth.
437 2972 515 3002 VII.
535 2970 564 3002 3.
649 2969 676 2989 ³⁹
701 2970 884 3001 Urbanum
911 2971 1061 3011 Regium
1087 2971 1284 3012 Augustam
1311 2970 1355 3001 ad
1380 2980 1417 3001 se
1445 2968 1638 3001 accersivit
1663 2968 1852 3008 episeopus
1879 2966 1977 2997 Chri-

289 3027 476 3068 stophorus
503 3038 524 3057 a
549 3026 720 3057 Stadione
748 3036 779 3057 a.
811 3025 904 3056 1520.

1653 3078 1666 3091 b
