2101 3512
156 194 305 215 DIALOGI
334 194 470 215 SEPTEM
498 194 649 215 FES'I'IVE
678 193 840 215 CANDIDI.
869 182 921 226 [1.]
949 193 1246 216 CONCILIABVLVM
1273 192 1615 215 TIIEOLOGISTARVM.
1683 172 1776 218 585

89 299 255 347 prehensi
287 298 430 333 suerint.
490 298 787 334 contrafacientes
819 304 985 346 tanquam
1015 304 1239 335 contumaces
1271 304 1305 334 et
1335 298 1485 334 rebelles
1516 298 1651 334 excludi
1683 298 1780 333 volu-

89 367 165 390 mus
196 355 251 390 hie
282 360 314 390 et
349 354 480 401 ubique
512 360 546 389 et
578 355 611 388 in
636 354 798 390 munibus
829 355 917 390 loris
948 355 1107 391 honestis
1130 355 1170 391 ah
1192 355 1503 395 Universitatilms,
1535 361 1569 390 et
1591 355 1656 390 suh
1677 367 1779 402 poena

90 410 323 445 inhabilitatis
354 411 394 445 ad
427 421 670 457 quemcunque
702 412 849 457 gradum
882 413 915 446 in
939 411 1151 458 Theologia,
1184 413 1210 445 si
1244 412 1351 446 suerit
1381 412 1567 457 magister,
1601 411 1628 446 si
1661 417 1777 447 autem

88 467 122 501 111
157 466 372 506 minorihus,
411 478 453 501 ne
492 472 744 512 promoveatur
774 467 815 502 ad
846 468 992 514 gradum
1024 467 1229 514 magisterii.
1290 468 1487 502 lloetrinain
1519 479 1601 503 vero
1631 467 1867 503 Lutheri§.1S.

60 528 125 558 5et
154 523 230 558 eius
261 522 372 557 lihros
403 522 626 562 damnamus,
666 522 900 558 annihilamus
937 529 971 558 et
1009 524 1050 558 ad
1082 524 1198 570 ignem
1231 523 1440 562 iudicamus,
1481 535 1548 558 una
1587 536 1664 559 cum
1702 524 1779 571 ipso

89 584 231 618 autore,
271 590 341 613 non
381 578 545 613 obstante
585 579 678 624 quod
717 590 781 613 nos
820 591 891 613 non
931 579 1162 626 intelligimus
1199 591 1313 626 neque
1352 580 1538 615 confutare
1576 592 1779 627 possumus,

89 640 238 682 propter
268 635 496 669 autoritatem
527 633 705 680 Evangelii
738 640 772 669 et
804 634 986 681 Apostoli,
1020 635 1146 682 quihus
1179 635 1345 670 roborata
1376 641 1441 670 est.
1502 636 1562 670 sed
1594 636 1673 682 quia
1707 636 1780 683 ipse

90 702 160 725 non
193 691 356 737 sequitur
394 690 645 725 sentimeutum
683 696 866 729 nostrum,
906 696 940 726 et
977 691 1083 737 erigit
1123 703 1226 726 unam
1265 703 1388 726 novam
1421 692 1705 731 lhiiversitatem‚
1746 697 1781 727 et

89 746 198 781 trahit
228 746 269 781 ad
301 758 336 782 se
371 758 492 781 omnes
525 745 723 785 scholares,
764 758 878 793 neque
918 747 1073 782 ostendit
1114 747 1216 782 nohis
1258 747 1414 783 debitum
1446 748 1618 783 honorem
1650 748 1780 795 gradus

48 802 310 849 tomagisterii‚
358 802 436 837 ideo
475 802 771 837 contrafacientes
810 803 1151 838 exeonnnunieaums
1191 803 1259 838 lata
1298 804 1363 838 iam
1411 805 1602 844 sententia,
1647 816 1663 839 a
1711 816 1778 851 qua

87 850 301 893 non'valeat
331 858 465 893 absolvi
503 859 569 893 nisi
608 870 671 905 per
712 870 777 894 nos
809 859 997 905 Magistros
1028 864 1174 894 nostros
1214 860 1255 894 ad
1292 860 1359 895 hoc
1397 859 1603 907 deputatos,
1644 860 1780 896 scilicet

86 914 211 953 Eceio,
244 915 314 949 Leo
347 920 381 949 et
412 914 582 950 Arnohlo.
614 915 750 950 natum.
783 921 849 950 cte.

169 970 492 1006 Hoehstratus.
545 970 692 1006 Sufficit.
759 971 809 1007 lta
846 970 1008 1006 volumus
1046 971 1239 1018 publicare.
1307 971 1348 1007 Et
1387 972 1438 1007 sic
1476 978 1530 1007 est
1568 972 1645 1007 finis
1684 971 1779 1007 illius

86 1032 195 1062 actus.
256 1027 325 1062 Deo
356 1027 500 1074 gratias.
559 1028 681 1063 Amen.

41 1155 71 1180 15
692 1151 839 1186 Mutatio
869 1151 1000 1187 dextrae
1033 1152 1172 1187 excelsi.

87 1247 239 1290 [Figura
272 1249 375 1290 quasi
407 1249 583 1291 principis
617 1248 805 1287 electoris,
842 1250 961 1291 capite
988 1250 1170 1289 radiante,
1206 1251 1354 1281 dextera
1387 1252 1570 1291 ingentem
1596 1251 1777 1293 sagittam,

85 1303 178 1336 laeva
203 1304 331 1336 librum
358 1309 520 1347 apertum
547 1306 722 1344 tenentis,
758 1306 801 1336 ad
836 1306 946 1347 pedes
979 1309 1060 1337 sunt
1085 1306 1196 1347 piscis
1223 1310 1258 1338 et
1284 1307 1416 1338 Chiron
1441 1308 1517 1339 sive
1544 1306 1778 1349 sagittarius]

195 1397 268 1432 Nisi
300 1398 460 1433 conversi
493 1398 651 1437 fueritis,
684 1398 840 1445 gladium
871 1398 1036 1439 vihravit,
1069 1404 1103 1434 et
1133 1411 1252 1435 arcum
1284 1411 1386 1435 suum
1418 1400 1584 1440 tetendit.
1617 1405 1652 1435 et
1683 1412 1777 1448 para·

284 1454 332 1489 vit
364 1454 397 1489 111
429 1454 490 1490 illo
523 1466 602 1490 vasa
633 1455 769 1490 mortis.

173 1618 199 1639 ¹5
224 1620 357 1652 Psatm.
375 1620 537 1651 LXXVI.
560 1620 609 1652 ll.
704 1619 730 1640 ¹3
754 1621 887 1652 Psalm.
907 1621 986 1652 VII.
1010 1621 1058 1652 13.
1084 1621 1133 1652 14.
1189 1622 1365 1653 vibrabit:
1394 1632 1515 1653 areum
1541 1632 1640 1653 suum
1667 1624 1780 1653 teten-

84 1677 137 1708 dit
163 1680 198 1708 et
223 1678 368 1718 paravit
394 1677 510 1716 illum⁷
540 1680 575 1708 et
600 1678 637 1708 in
664 1688 704 1708 eo
730 1678 872 1719 paravit
896 1688 986 1709 vasa
1012 1679 1134 1709 mortis
1156 1679 1196 1708 ..”
1225 1679 1345 1709 Psalm.
1366 1681 1385 1709 l.
1405 1690 1432 1709 c.
1691 1710 1699 1725 x
