2101 3512
408 764 564 795 Vadisco
591 763 734 803 dialogo
758 762 988 804 praefationis
1012 763 1092 795 loeo
1117 764 1304 804 praemissa
1331 762 1488 804 epistula
1513 763 1732 794 Sebastiano
1758 763 1801 794 de
1826 763 2019 794 Rotenhan

321 831 363 851 ex
386 819 658 861 propugnaculo
684 818 926 860 Steckelberg
941 819 1064 850 Idibus
1082 819 1294 849 Februariis
1313 819 1399 849 anni
1415 819 1606 850 M.D.XX.
1626 819 1761 859 scripta
1778 819 1912 849 Latine
1931 818 2018 850 Ger-

320 877 534 916 manieeque
555 874 717 905 exhibita
745 877 799 904 est
823 874 894 905 vol.
911 875 940 905 Ι.
958 885 991 905 11.
1013 874 1122 905 CLII.
1142 884 1250 915 pagg.
1270 874 1408 915 322.sq.
1437 874 1492 905 Cf.
1512 874 1626 905 Indic.
1645 873 1815 916 bibliogr.
1835 884 1868 905 n.
1887 874 2016 905 XXVI.

319 933 372 962 Ex
396 935 549 972 paterna
577 940 658 961 arce
685 929 950 971 Steekelberga
975 930 1159 960 Huttenus
1185 930 1242 960 die
1267 928 1321 959 28.
1339 929 1446 960 Febr.
1469 929 1513 960 ad
1530 929 1849 961 Melanehthonem
1873 930 2020 970 scripsit

321 986 437 1026 „Mihi
475 996 568 1016 nune
608 985 745 1027 dialogi
778 985 1001 1016 excuduntur
1031 985 1138 1016 Trias
1169 985 1331 1016 Romana
1372 988 1407 1016 et
1438 985 1717 1026 Inspieientes.''
1767 985 1869 1025 (vide
1900 985 1971 1017 vol.
1990 986 2018 1016 Ι.

319 1032 353 1083 p.
372 1041 463 1081 325.)
491 1051 612 1072 mense
630 1041 746 1082 Aprili
763 1044 841 1072 tota
859 1030 1083 1081 dialogorum
1108 1035 1246 1077 πεντάς
1270 1040 1415 1082 prodiit.
1443 1040 1811 1083 (ef.Indie.bibliogr.
1831 1052 1864 1082 p.
1882 1040 1962 1072 48²3.
1982 1042 2019 1072 in

318 1098 416 1138 fine.)
443 1098 594 1138 adparet
619 1098 742 1137 itaque
768 1097 862 1127 hunc
889 1096 1071 1138 dialogum
1089 1107 1153 1138 per
1169 1096 1325 1127 hiemem
1344 1106 1375 1127 a.
1398 1095 1492 1127 1519.
1513 1097 1737 1138 conpositum
1756 1097 1885 1136 fuisse,
1914 1107 2019 1138 quam

317 1154 494 1184 rationem
509 1154 603 1183 inter
619 1153 709 1184 alios
725 1153 830 1183 liuius
846 1152 984 1194 dialogi
999 1152 1098 1183 locos
1117 1151 1331 1183 confirmant
1347 1152 1457 1183 etiam
1473 1152 1524 1190 ἓξ.
1541 1151 1572 1182 8.
1588 1151 1637 1182 18.
1649 1151 1757 1183 36.—
1780 1152 1852 1183 Sub
1868 1153 2019 1184 Vadisei

317 1209 459 1240 nomine
479 1209 622 1239 Crotum
640 1209 844 1239 Rubianum
871 1208 1027 1239 amicum
1051 1218 1152 1239 suum
1169 1209 1371 1246 Hutteiius,
1399 1211 1430 1239 si
1448 1212 1549 1239 recte
1567 1208 1742 1248 divinavi,
1766 1208 1870 1239 nobis
1887 1219 2019 1250 reprae-

317 1268 455 1303 sentat,
485 1268 519 1295 et
543 1264 763 1295 Ernholdum
787 1264 949 1294 Hutteno
973 1263 1168 1295 Arnoldum
1194 1264 1237 1295 de
1257 1263 1442 1304 Glauberg
1466 1264 1580 1295 fuisse
1605 1264 1780 1305 suspicor.
1806 1265 1847 1295 In
1873 1264 2020 1306 dialogo

318 1321 414 1351 infra
445 1321 642 1361 repetendo
677 1320 733 1351 eui
765 1320 978 1350 inscribitur
1005 1320 1143 1360 ‘Pugna
1174 1320 1334 1361 pietatis'
1360 1319 1539 1351 Vadiscus
1566 1320 1772 1362 appellatur
1797 1320 1873 1351 ‘ille
1890 1321 2019 1352 Roma-

318 1387 383 1407 nus
410 1376 555 1415 consul',
591 1378 649 1417 qui
685 1377 838 1407 ‘ociosus
871 1375 961 1406 nihil
994 1376 1072 1416 agit
1104 1375 1203 1406 aliud
1235 1385 1340 1416 quam
1373 1375 1466 1416 quod
1498 1376 1650 1407 aliorum
1682 1386 1799 1408 mores
1826 1376 2019 1408 observat.'

317 1433 421 1463 Hune
447 1433 562 1473 ipsum
588 1431 769 1473 (llalogum
788 1431 896 1463 Croto
923 1431 1086 1472 equidem
1113 1431 1412 1463 adiudicaverim.
1432 1448 1474 1453 —
1490 1431 1560 1462 Vix
1585 1442 1672 1474 opus
1692 1432 1760 1463 erit
1778 1432 1912 1463 diserte
1929 1442 2020 1473 prae-

317 1498 461 1519 monere
492 1488 586 1518 hane
612 1487 782 1518 Triadum
806 1488 959 1518 formam
983 1497 1100 1528 neque
1134 1497 1175 1518 ex
1206 1486 1365 1528 trilogiis
1391 1487 1597 1519 Graecorum
1625 1498 1742 1529 neque
1775 1498 1819 1519 ex
1842 1487 2020 1519 triadibus

319 1542 530 1581 Cambrieis,
550 1543 613 1574 sed
632 1554 674 1573 ex
686 1543 904 1574 Christianis
922 1543 1229 1584 tripartitionibus
1247 1543 1472 1584 desumptam
1492 1554 1581 1575 esse.
1608 1548 1767 1576 ceterum
1777 1544 1896 1575 Graeci
1910 1544 2020 1575 etiam

317 1601 391 1629 tum
416 1598 459 1629 de
484 1598 600 1629 tribus
625 1598 836 1637 virtutibus,
862 1605 901 1630 ut
928 1599 1022 1640 apud
1048 1598 1228 1630 Stobaeum
1256 1597 1300 1638 (Ι.
1318 1598 1366 1638 8.)
1392 1599 1585 1641 Euripides
1611 1600 1648 1630 in
1672 1600 1831 1642 Antiopa

588 1654 698 1694 Τρεῖς
724 1650 819 1685 εἰσὶν
844 1647 994 1694 εἷρεταί,
1021 1649 1087 1690 τὰς
1112 1649 1231 1695 χρεών
1257 1648 1286 1685 σ’
1311 1648 1461 1695 deusti),
1488 1651 1633 1695 τέκνον,

583 1704 701 1746 θεούς
726 1720 763 1741 τε
789 1709 922 1752 τιμᾶν,
950 1706 1036 1747 τούς
1061 1719 1098 1741 τε
1124 1706 1347 1751 θρέψαντας
1372 1713 1507 1752 γονεῖς,

583 1761 720 1807 νόμους
745 1776 782 1798 τε
807 1761 958 1803 κοινοὺς
980 1760 1171 1803 Ἑλλάδος·
1196 1763 1262 1797 καὶ
1286 1765 1405 1797 ταῦτα
1432 1765 1531 1807 δρῶν

581 1816 779 1853 κάλλιστον
804 1818 898 1861 ἕξεις
924 1817 1112 1862 στέφανον
1137 1817 1308 1859 εὐκλείας
1331 1815 1403 1853 ciel.

319 1879 392 1906 tum
418 1876 460 1907 (le
487 1877 602 1907 tribus
627 1877 733 1908 malis
758 1877 969 1919 loquuntur,
997 1882 1036 1909 ut
1061 1878 1120 1909 hie
1147 1888 1272 1909 versus
1297 1878 1424 1909 habet:

586 1931 667 1973 Πῦρ
692 1931 756 1964 καὶ
781 1928 956 1966 θάλασσα
980 1932 1044 1965 καὶ
1070 1929 1184 1976 γυνή,
1210 1929 1308 1966 κακοὶ
1335 1935 1432 1975 τρία.
