2101 3512
516 194 813 239 [mucimssnfflm]
863 206 992 227 izemvs
1019 206 1244 228 DEDOLATvs.
1295 195 1405 236 (1:3⁴³.)
1717 186 1811 230 537

197 311 406 345 Auditor.
457 310 526 346 Nee
556 310 797 349 Lutheranus‚
839 321 953 357 neque
984 310 1173 349 Ennianus,
1216 310 1275 345 sed
1307 310 1528 345 Christianus
1560 321 1658 346 sum:
1699 309 1814 344 minus

112 377 195 400 vero
228 365 370 401 silentio
403 366 484 413 quid
515 366 661 413 dignum
690 366 857 416 detegere
888 377 1017 405 conor,
1063 378 1141 401 nam
1173 366 1320 406 veritas,
1367 365 1433 401 etsi
1473 366 1513 401 ad
1553 370 1692 413 tempus
1733 377 1815 412 sup-

112 421 236 467 primi,
270 422 423 469 opprimi
456 427 572 457 tamen
603 422 745 468 nequit,
778 422 838 456 sed
869 434 934 468 per
965 433 1001 456 se
1034 421 1145 468 ipsam
1179 422 1317 457 tandem
1348 421 1528 456 elucescit.

195 476 368 512 Eccius.
420 476 709 524 sterquilinium,
750 483 806 516 tu,
838 489 916 512 cum
948 476 1062 512 literis
1094 489 1233 517 careas,
1275 483 1307 512 te
1347 483 1445 512 tanto
1479 476 1662 524 Theologo
1703 488 1815 524 oppo-

81 543 195 567 5nere
226 533 356 567 audes?

193 589 398 623 Auditor.
448 588 523 623 Etsi
555 588 735 631 doctrina,
769 599 839 623 non
872 594 988 623 tamen
1020 589 1085 625 tide
1116 600 1236 629 careo,
1270 600 1456 636 saepeque,
1489 594 1527 624 ut
1559 588 1593 623 in
1623 587 1813 635 proverbio

109 647 181 682 est,
215 644 265 678 vir
298 643 508 679 hortulanus
537 655 678 690 quoque
711 643 808 678 valde
841 650 1018 691 oportuna
1050 644 1192 679 locutus
1223 650 1288 679 est.

193 699 460 745 Chirurgus.
507 690 622 732 Ἀλλά
652 693 856 733 παύσασθε
890 694 1013 746 μα’χης
1042 696 1106 733 καὶ
1138 696 1349 748 λοιδορίας,
1381 706 1441 735 aut
1473 700 1539 734 iam
1569 699 1676 739 abeo,
1708 700 1800 734 haud
1815 704 1902 735 §.tot

109 754 199 789 enini
232 760 270 789 ut.
301 766 412 801 nugas
445 760 579 789 vostras
610 755 787 794 audirem,
820 755 881 789 sed
912 761 950 789 ut
982 755 1143 790 morbum
1176 767 1354 795 curarem,
1386 760 1531 791 vocatus
1563 767 1651 790 sum.

67 820 96 845 ιι)
194 810 364 846 Eccius.
416 809 498 845 Vale
529 810 656 856 igitur,
690 815 791 857 pater
822 816 952 845 sancte.

191 867 405 901 Auditor.
455 866 620 912 Nunqufd
653 865 916 901 ahsolutionem
948 866 1100 913 accipis?

194 922 369 958 Eecius.
420 922 474 956 Nil
498 933 587 969 opus
610 927 681 960 est,
711 933 795 956 nam
817 934 928 968 purus
951 933 1026 956 sum
1050 927 1084 956 et
1106 921 1218 957 libero
1242 928 1325 957 utor
1346 922 1516 961 arbitrio,
1550 923 1597 957 ita
1620 928 1657 957 ut
1680 923 1713 956 in
1737 935 1812 957 mea

109 977 156 1011 sit
177 976 377 1024 potestate,
411 978 499 1012 bene
523 983 557 1012 et
580 977 670 1012 male
693 988 819 1023 agere,
852 989 890 1013 ac
911 989 990 1013 eum
1013 977 1178 1017 voluero,
1213 990 1265 1012 me
1296 978 1409 1024 ipsum
1440 978 1624 1013 absolvere
1655 990 1811 1025 possum.

193 1033 400 1069 Auditor.
451 1033 565 1080 Igitur
596 1038 631 1067 et
665 1038 701 1067 tu
733 1044 895 1079 quoque,
929 1039 968 1068 ut
999 1033 1128 1079 dignus
1161 1045 1220 1073 es,
1254 1033 1340 1069 vale.

65 1099 94 1122 15
194 1090 455 1136 Chirurgus.
506 1089 663 1123 Ehodum
696 1089 836 1128 adeste,
867 1089 979 1124 Amici
996 1088 1152 1129 Ecciani,
1185 1095 1224 1124 ut
1254 1090 1392 1125 tandem
1416 1089 1533 1125 officio
1555 1101 1634 1125 meo
1658 1090 1795 1137 fungar.
1814 1096 1902 1128 §.w-'u

193 1145 346 1181 Amici.
399 1145 440 1179 Et
471 1144 601 1192 quibus
634 1156 723 1191 opus
755 1150 810 1179 est
840 1144 1126 1179 medicamentis?

193 1201 464 1247 Chirurgus.
518 1200 728 1235 Hominibus
759 1206 915 1247 septem,
949 1199 1089 1239 validis,
1123 1200 1293 1236 robustis.

192 1256 346 1292 Amici.
399 1257 441 1292 I't
474 1256 595 1295 illum,
627 1256 708 1290 dum
741 1262 901 1295 secatur,
937 1256 1102 1291 teneant?

193 1313 461 1359 Chirurgus.
514 1312 640 1347 Sciens
671 1317 815 1359 postea3
849 1317 921 1347 tum
954 1312 1066 1347 fustes
1098 1312 1292 1347 afferantur
1321 1317 1476 1360 septem,
1509 1314 1670 1349 frondosi
1692 1325 1814 1349 omnes

61 1379 95 1403 20
109 1374 143 1403 et
174 1369 290 1404 solidi.

195 1425 345 1460 Amici.
391 1413 490 1472 *Eoo*
522 1418 558 1466 ἐς
595 1417 776 1468 κόρακας.

193 1480 458 1527 Chirurgus.
510 1480 560 1514 lta
591 1491 735 1515 necesse
767 1485 838 1519 est,
878 1491 956 1514 nam
989 1491 1157 1515 numerus
1190 1479 1249 1515 ille
1280 1480 1468 1527 mysticum
1501 1481 1583 1527 quid
1615 1482 1786 1516 continet.

195 1536 367 1571 Eccius.
419 1536 541 1570 Nonne
573 1536 684 1582 igitur
714 1536 973 1583 Pythagoricus
1005 1535 1063 1570 ille
1096 1536 1346 1582 quaternarius
1379 1536 1529 1571 melior?

195 1592 461 1638 Chirurgus.
513 1591 743 1638 Septenarius
776 1592 839 1626 tibi
870 1592 1148 1627 convenientior.

63 1662 95 1686 25
196 1648 351 1683 Amici.
404 1647 471 1686 En,
504 1654 542 1683 ut
574 1647 727 1686 iussisti,
760 1648 889 1683 adsunt
921 1647 1097 1682 fustuarii.

194 1704 469 1750 Chirurgus.
519 1704 619 1739 lIunc
652 1703 779 1749 igitur,
813 1704 972 1741 iuvenes,
1005 1703 1090 1738 mihi
1123 1703 1278 1738 fustibus
1307 1703 1488 1743 dedolate‚
1522 1716 1599 1739 nam
1628 1716 1706 1740 eum
1731 1717 1793 1740 un-
1815 1717 1903 1747 eino.

108 1763 214 1809 dique
246 1760 441 1806 angulosus
473 1760 519 1794 sit
550 1766 585 1794 et
616 1759 824 1806 iinequalis.
858 1764 938 1794 ante
971 1759 1086 1794 onmia
1117 1759 1395 1806 complanandus
1427 1760 1505 1794 erit.

195 1816 367 1851 Eceius.
416 1815 509 1855 Heu,
542 1816 628 1854 heu,
661 1814 764 1861 plane
788 1815 894 1862 perii!
929 1815 1060 1850 utinam
1084 1814 1209 1850 saltem
1233 1806 1440 1861 ὁμώνυμος
1461 1815 1520 1850 ille
1543 1827 1642 1851 meus
1664 1816 1814 1855 adesset,

111 1879 149 1908 ut
181 1872 301 1908 eodeni
334 1871 465 1918 poculo
499 1883 569 1918 quo
601 1882 668 1917 ego
700 1870 783 1906 bibo
816 1871 964 1906 biberet.

65 1942 98 1965 30
196 1927 351 1962 Amici.
403 1927 610 1962 Scabiosum
643 1926 742 1961 illum
773 1926 881 1966 dieis,
914 1926 1101 1961 nobilitate
1133 1926 1212 1962 ficta
1245 1926 1510 1973 superbientem
1541 1927 1632 1962 haud
1654 1940 1756 1963 secus
1778 1941 1816 1963 ac

112 1991 149 2020 tu
180 1983 394 2020 Canonicatu
428 1982 488 2017 illo
522 1983 750 2029 imaginario,
783 1973 849 2017 τὸν
879 1975 1035 2027 φθόνον
1063 1973 1204 2017 αὐτόνῖ

194 2040 366 2075 Eccius.
413 2028 653 2073 Ἀυτότατον.
707 2038 773 2073 Sed
804 2038 1046 2085 nunquidnam
1079 2039 1165 2073 satis
1196 2037 1382 2074 dedolatus
1414 2041 1513 2073 sum?
1817 2054 1906 2083 §stiffi

196 2095 462 2141 Chirurgus.
514 2095 632 2141 Aliqui
665 2095 776 2130 adhuc
808 2093 1046 2141 protuberant
1077 2094 1218 2141 anguli,
1251 2106 1340 2141 qnos
1372 2094 1589 2141 complanari
1621 2107 1727 2142 posse
1759 2108 1816 2131 su-

110 2153 250 2200 spicor,
283 2151 312 2185 si
343 2150 458 2185 solum
490 2151 604 2186 adhue
634 2150 756 2197 viginti
791 2150 948 2198 quinque
981 2151 1110 2186 viritim
1142 2150 1321 2198 acceperis
1352 2150 1509 2186 verbera.

199 2273 212 2291 fi
238 2272 379 2312 Saepeq.
406 2270 483 2312 elea]
519 2271 610 2302 Gell.
630 2271 671 2301 N.
692 2271 732 2301 A.
752 2271 799 2301 II.
819 2270 889 2310 ss,9.
934 2271 1061 2310 „Unde
1087 2271 1147 2302 hie
1175 2271 1450 2313 antiquissimus
1476 2282 1600 2302 versus
1633 2272 1713 2303 viee
1740 2283 1818 2313 pro-

111 2328 230 2360 verbii
256 2327 463 2358 celebratus
491 2330 545 2357 est
571 2320 739 2358 Πολλάκι
765 2325 828 2358 καὶ
853 2321 1044 2368 κηπουρὸς
1069 2319 1166 2367 α’νὴρ
1191 2322 1293 2368 μα’λα
1318 2326 1468 2367 καίριον
1494 2322 1634 2358 εἷπεν”.
1663 2327 1718 2358 Cf.
1739 2338 1816 2358 ver-

111 2395 188 2416 sum
215 2394 319 2424 quem
345 2382 524 2422 Aeschylo
550 2382 762 2413 tribuebant
790 2383 891 2419 olim.
921 2383 1016 2424 apud
1040 2382 1139 2413 Stob.
1159 2383 1262 2414 floril.
1289 2384 1350 2414 IV.
1369 2383 1438 2413 21³.
1480 2377 1647 2413 Πολλάκι
1673 2393 1727 2414 τοι
1754 2381 1818 2414 καὶ

111 2435 232 2482 μωρὸς
257 2433 354 2481 α’νὴρ
380 2437 630 2479 κατακαίριον
650 2433 767 2470 εἶπεν.
797 2442 831 2469 et
850 2439 922 2469 vid.
942 2438 1105 2479 Apostol.
1125 2439 1221 2470 XIV.
1241 2438 1294 2470 69.
1357 2439 1369 2458 Β
1397 2439 1477 2470 ‘Sed
1496 2442 1638 2469 cessate
1659 2449 1678 2468 a
1696 2449 1818 2480 pugna

114 2500 148 2527 et
175 2493 369 2527 convicio'.
396 2496 473 2526 edd.
494 2498 513 2525 ί.
534 2506 573 2527 m,
600 2488 800 2525 παύσασθε
827 2493 899 2524 τῶν
924 2489 1220 2536 τερατευμάτων.
1247 2494 1432 2536 Aristoph.
1452 2496 1536 2534 Lys.
1555 2494 1630 2524 762.
1709 2493 1816 2535 ληδο-

112 2550 196 2592 ριάς
222 2553 253 2582 4.
348 2549 374 2569 ¹²
399 2551 454 2581 D‘e
480 2549 594 2581 libero
622 2550 772 2581 arbitrio
798 2550 894 2580 inter
920 2550 993 2581 alia
1025 2551 1299 2591 disceptaverat
1323 2551 1461 2582 Eckius
1493 2560 1572 2581 cum
1596 2550 1756 2581 Luthero
1783 2554 1819 2581 et

113 2606 380 2638 Carolostadio.
425 2605 470 2636 cf.
491 2605 582 2646 Opp.
602 2605 710 2635 Luth.
732 2604 786 2635 ed.
805 2605 888 2636 Hal.
909 2606 1044 2637 Introd.
1066 2606 1111 2636 ad
1135 2609 1219 2637 tom.
1239 2607 1372 2637 XVIII.
1392 2617 1424 2647 p.
1444 2606 1496 2636 54.
1516 2616 1591 2646 sqq.
1619 2615 1816 2637 nummu-jn.

112 2662 204 2693 Vide
222 2661 374 2692 Lutheri
402 2672 481 2702 epp.
503 2661 557 2692 ed.
578 2661 620 2691 de
639 2661 773 2691 Wette.
800 2661 827 2691 Ι.
854 2671 888 2691 n.
910 2672 1015 2692 CLXX.
1079 2660 1106 2680 2¹
1134 2662 1214 2693 ‘Abi
1241 2662 1285 2693 ad
1312 2663 1460 2693 corvos’.
1487 2662 1562 2692 edd.
1583 2663 1658 2691 22112.
1685 2661 1741 2692 Cf.
1761 2672 1816 2692 su-

112 2728 177 2759 pra
194 2719 223 2756 ξ.
243 2716 298 2748 65.
369 2716 396 2735 ‘²³
422 2714 593 2757 Pythag.]
623 2716 677 2747 Cf.
697 2717 1025 2758 A1·istot.3netaph.
1045 2718 1073 2755 Ι,
1094 2717 1124 2748 5.
1174 2716 1202 2737 ²⁷
1228 2718 1370 2748 ·ecket·.
1397 2718 1472 2748 edd.
1493 2719 1511 2748 i.
1530 2728 1569 2747 m.
1589 2717 1685 2747 hodie
1704 2715 1816 2757 edidit.

112 2773 328 2814 Explicatur
353 2772 388 2803 h.
414 2772 436 2803 1.
457 2771 596 2813 dialogi
622 2772 826 2813 inscriptio.
874 2773 983 2803 ,fillium
1006 2783 1135 2804 sensum
1159 2773 1257 2804 habel
1283 2773 1480 2804 Jlezzoeelmzz·
1504 2772 1558 2811 (V.
1578 2772 1607 2809 2,
1626 2772 1698 2811 106.)
1731 2772 1816 2810 ..de-

114 2828 243 2860 dolabo
271 2827 460 2859 assulatim
486 2828 662 2858 visee1·a·’.
733 2826 761 2846 ²5
789 2829 1048 2869 ‘cognominis'.
1075 2829 1152 2860 edd.
1172 2831 1191 2859 ἱ.
1211 2840 1250 2859 m.
1279 2828 1362 2859 Sive
1388 2828 1421 2858 h.
1439 2827 1461 2858 l.
1482 2828 1555 2858 Ioa.
1575 2827 1713 2859 Eekius
1731 2828 1817 2858 Tre-

112 2884 268 2915 virensis
294 2883 537 2914 cancellarius
564 2886 600 2913 et
625 2882 797 2914 officialis
829 2884 905 2914 sive
936 2884 1140 2915 Bavaricus
1173 2884 1403 2915 consiliarius
1437 2894 1479 2914 ae
1512 2883 1676 2913 minister
1700 2883 1818 2913 Leon-

113 2939 248 2970 hardus
273 2939 318 2970 ab
337 2938 441 2980 Egck
467 2937 713 2979 significetur,
738 2948 855 2978 neque
875 2938 986 2970 facile
1004 2949 1120 2980 neque
1139 2950 1228 2981 opus
1248 2943 1304 2971 est
1328 2938 1487 2970 definire.
1515 2948 1711 2969 RIEDERER.
1752 2939 1819 2969 Est

114 2995 329 3026 Bavarieus.
358 2995 405 3025 ef.
424 2995 570 3035 Disput.
592 2994 636 3024 ad
654 2995 683 3032 ξ.
702 2993 756 3024 68.
776 2994 838 3024 cit.
909 2992 937 3012 ³²
965 2994 1156 3025 ‘Invidiam
1182 2995 1321 3036 ipsam'.
1354 2995 1430 3026 edd.
1451 2997 1471 3025 ί.
1490 3005 1529 3024 m.
1607 2992 1636 3012 3³
1665 2993 1819 3034 ‘Ipsissi-

116 3052 233 3081 mam'.
260 3051 335 3081 edd.
356 3051 378 3081 i.
396 3061 436 3080 m.
507 3048 535 3068 35
559 3047 712 3090 viritim]
743 3050 819 3080 Vale
844 3050 974 3081 vicena
1001 3050 1108 3090 quina
1134 3060 1155 3081 a
1181 3050 1333 3092 singulis
1358 3050 1446 3082 viris
1473 3060 1505 3080 a.
1524 3060 1557 3080 v.

1532 3095 1545 3109 Ι
