2101 3512
496 198 794 241 [PIRCKHEIMERI]
846 210 972 231 nce-IVS
1000 210 1226 231 1›1-:1)or.A'rvs.
1277 199 1387 239 (1529.)
1696 190 1781 233 541

176 311 444 357 Chirurgus.
495 309 700 348 Κολακεία.

176 367 330 402 Amici.
380 368 426 402 At
458 367 640 403 tubercula
672 368 763 403 ista?

178 422 448 469 Chirurgus.
495 413 654 469 Ἀπάτη.

180 478 328 513 Amici.
380 478 445 513 Sed
477 478 674 525 Myrmeeiae
705 479 807 514 istie?

58 545 74 568 5
177 533 444 579 Chirurgus.
496 531 738 577 Προπέτεια,
772 546 875 581 quani
907 535 1035 569 Invidia
1067 541 1102 570 et
1135 547 1236 570 omne
1268 547 1381 582 genus
1413 536 1598 574 vitiorum,
1631 547 1669 571 ac
1701 535 1729 570 si
1761 536 1793 570 in

92 588 247 623 cloacam
280 589 453 635 quandam
484 589 759 629 confluxissent,
793 591 977 636 sequitur;
1024 602 1102 636 quse
1135 591 1163 625 si
1196 591 1275 637 quis
1308 603 1515 626 emimerare
1549 591 1670 629 vellet,
1711 597 1791 626 ante

90 643 182 678 diem
221 644 342 679 clauso
383 650 573 691 componet
604 645 739 692 Vesper
770 645 930 691 Olympo.
992 646 1133 692 Virgam
1172 647 1346 692 porrigite
1381 647 1543 692 ignitam:
1588 647 1677 681 bene.
1710 652 1775 685 est,
1798 653 1884 683 §.iesu

91 699 166 734 hiec
198 700 358 738 inurere,
391 700 465 734 haec
498 711 579 735 vero
611 700 765 735 incidere
797 712 941 735 necesse
972 707 1037 735 est.
1088 701 1185 736 Nune
1218 713 1298 736 vero
1322 702 1412 736 cutis
1437 702 1632 737 reducenda
1656 708 1690 736 et
1711 714 1795 737 ron-

92 755 236 789 suenda.
296 754 406 797 Quam
437 754 547 794 belle,
593 761 629 790 et
660 756 828 802 Magistro
860 756 990 791 Nostro
1030 757 1228 791 dormiente
1265 763 1391 793 cuncta
1429 758 1652 793 successere!
1698 758 1796 793 Nune

51 822 79 846 10
91 809 185 845 ultra
217 821 417 857 pergamus.

174 865 343 901 Eccius.
393 866 486 905 Ohe,
527 866 671 912 inguina
704 867 830 913 tangis.

138 947 143 953 .
175 921 440 968 Chirurgus.
493 921 577 960 Hui,
611 933 715 968 quam
746 922 817 957 cito
849 923 891 957 ad
922 922 1066 958 illorum
1097 929 1300 958 contactum
1338 923 1533 970 evigilasti!
1580 924 1721 963 Videte,
1754 931 1793 959 ut

92 983 216 1012 acutus
246 977 362 1012 culter
393 977 457 1016 sit,
491 978 669 1024 pra¹cipue
701 979 793 1012 enim
824 978 924 1013 ulcus
957 978 1042 1013 illud
1073 978 1178 1014 letale
1212 980 1433 1014 incidendum
1467 985 1538 1018 est,
1578 986 1612 1014 et
1634 992 1701 1025 ego
1726 981 1790 1014 iam

91 1033 220 1068 dudum
253 1033 369 1079 gestio
401 1044 564 1068 venereo·
583 1033 664 1068 huic
694 1033 867 1080 nepotulo
899 1033 1073 1070 abdomen
1104 1035 1171 1070 hoc
1203 1035 1374 1073 adimere,
1415 1041 1450 1070 et
1483 1041 1648 1081 tanquam
1681 1047 1792 1082 puero

52 1101 79 1126 15
93 1089 286 1136 crepundia
318 1101 335 1123 a
364 1088 458 1124 eollo
490 1089 720 1135 suspendere.
1182 1092 1191 1100 ⁹

175 1144 348 1180 Eccius.
400 1146 425 1179 t)
457 1156 523 1190 ego
556 1156 620 1191 per
649 1144 728 1180 cot-li
761 1145 950 1180 iucundum
982 1144 1100 1180 lumen
1131 1151 1166 1180 et
1197 1157 1311 1183 auras.
1799 1147 1885 1178 §.¹2¹-

398 1200 466 1235 l'er
496 1202 696 1245 genitinem
730 1212 815 1239 oro,
847 1212 911 1247 per
942 1212 1041 1247 spem
1072 1201 1253 1247 surgentis
1283 1202 1359 1241 Iuli,

396 1256 456 1290 Vir
487 1256 654 1294 Troiane,
688 1256 762 1291 sine
795 1256 883 1291 hanc
915 1256 1084 1295 animam,
1123 1262 1159 1291 et
1190 1257 1359 1292 miserere
1391 1258 1582 1303 precantis.

180 1311 452 1358 Chirurgus.
503 1311 556 1346 Nil
589 1312 685 1358 agis,
720 1312 847 1347 marite
878 1312 1038 1358 publice,
1071 1312 1339 1347 emasculamlus
1371 1325 1426 1352 es:
1458 1313 1544 1348 cedo
1575 1312 1740 1348 cultrum.

49 1380 82 1405 20
183 1367 352 1403 Eccius.
405 1368 439 1401 Si
471 1367 575 1407 mihi,
609 1368 660 1401 vir
691 1367 841 1413 optime,
881 1367 1139 1414 supellectilem
1173 1379 1284 1403 meam
1307 1369 1481 1415 integram
1505 1368 1704 1414 reliqueris,
1738 1380 1779 1401 vo

95 1436 177 1458 vens
208 1435 317 1458 voveo
348 1423 625 1470 pra-dicatoruni
657 1423 823 1469 religioni
855 1435 909 1458 me
942 1424 1174 1459 addicturum.

166 1479 448 1525 Chirurgus.
500 1478 553 1513 Nil
586 1479 708 1518 audio,
741 1478 880 1513 malleni
905 1484 1018 1514 tamen
1043 1479 1177 1518 tristia,
1210 1491 1252 1514 ne
1274 1480 1397 1526 pietati
1422 1486 1573 1515 mentem
1597 1479 1783 1516 adhiberes

178 1535 354 1570 Eceius.
405 1535 472 1569 Nec
505 1534 567 1569 tibi
598 1535 675 1569 diva
706 1546 853 1581 parens,
887 1536 1029 1581 generis
1060 1547 1124 1570 nec
1154 1536 1334 1570 llardanus
1366 1541 1480 1575 autor,
1800 1537 1890 1568 §.¹22

395 1591 549 1630 Pei-lide,
582 1591 642 1626 sed
673 1590 771 1625 duris
802 1591 926 1637 genuit
959 1596 991 1626 te
1023 1590 1185 1626 cautibus
1217 1592 1368 1626 horrens

48 1662 79 1686 25.
398 1648 591 1686 Caucasus,
628 1646 871 1693 llyrcanzeque
902 1646 1091 1681 admorunt
1123 1647 1232 1682 ubera
1264 1653 1397 1694 tygres.

97 1703 156 1736 Vix
190 1702 346 1739 tandein,
387 1702 656 1741 scelestissime,
698 1702 831 1741 sentio,
872 1714 935 1737 cur
966 1714 1019 1737 ine
1053 1708 1121 1737 tam
1155 1708 1249 1738 arcte
1280 1702 1391 1749 ligare
1422 1703 1598 1743 volueris,
1639 1705 1697 1739 sed
1732 1706 1797 1740 iam

93 1759 242 1793 animam
274 1770 360 1803 ago,
394 1764 428 1793 et
459 1758 598 1793 cruoris
630 1758 803 1804 profluvio
835 1758 982 1792 morior.

177 1814 444 1860 Chirurgus.
481 1814 640 1849 Alienum
663 1813 749 1848 illud
770 1825 849 1848 eum
870 1814 950 1861 pice
973 1814 1120 1849 ferventi
1145 1815 1286 1853 all'erte.
1310 1820 1348 1849 ut
1371 1816 1578 1861 sanguinem
1605 1816 1782 1851 sistamus.
1801 1819 1890 1850 §.¹23-

178 1869 354 1905 Eccius.
406 1870 663 1907 llui,adur‹1=r.

49 1940 81 1964 rio
178 1925 447 1971 Chirurgus.
498 1925 545 1960 Ne
578 1925 718 1964 timeas,
752 1925 872 1971 priora
904 1930 939 1959 et
968 1925 1172 1972 posteriora
1204 1926 1271 1960 iain
1302 1925 1493 1972 diligenter
1524 1927 1600 1973 pice
1633 1927 1800 1964 obturata

97 1988 191 2017 sunt.
219 1990 222 1995 ’
253 1980 385 2016 Solvite
418 1981 485 2015 iam
519 1980 738 2027 theologum.
799 1992 859 2019 en,
893 1992 996 2027 quam
1027 1980 1203 2027 glabellus
1234 1981 1355 2028 pusio!

179 2037 350 2072 Eccius.
403 2037 443 2071 Et
475 2037 541 2071 iain
574 2037 656 2071 mihi
691 2036 757 2083 ipsi
789 2035 914 2071 melius
946 2036 1075 2071 habere
1099 2037 1229 2071 videor.
1282 2038 1349 2072 Sed
1373 2049 1435 2084 per
1458 2038 1606 2073 salutem
1630 2045 1781 2074 vestram
1805 2043 1892 2074 ΜΗ.

95 2095 163 2129 hoc
194 2105 300 2128 unum
334 2104 416 2131 oro,
460 2104 502 2127 ne
534 2104 608 2127 rem
638 2093 729 2127 hanc
759 2092 971 2138 divulgetis:
1018 2092 1099 2127 novi
1132 2093 1243 2132 enim,
1285 2093 1313 2127 si
1345 2105 1403 2128 res
1434 2094 1699 2129 scelestissimis
1732 2095 1801 2130 illis

96 2148 477 2195 Wittenhurgensibus
509 2148 626 2195 poetis
658 2160 719 2183 sen
754 2147 939 2183 maledicto
963 2148 1117 2183 llutteno
1149 2160 1342 2196 parumper
1364 2149 1581 2188 suboluerit.
1614 2151 1803 2186 confestim

51 2205 312 2241 :3:‚Comsrdiain
344 2204 496 2251 aliquam
529 2204 702 2242 scribent,
737 2216 798 2239 seu
830 2204 951 2250 potius
984 2204 1137 2239 fabulam
1171 2205 1281 2251 ipsam
1312 2204 1426 2251 palam
1458 2212 1574 2251 agent.

150 2287 158 2294 .
180 2261 452 2306 Chirurgus.
504 2260 550 2294 Ne
584 2260 724 2303 tiu-iens,
757 2260 882 2294 saltem
913 2260 948 2294 in
980 2260 1047 2295 hoc
1078 2260 1141 2294 tibi
1172 2272 1249 2295 mos
1280 2266 1445 2306 geratur:
1479 2273 1582 2296 nemo
1614 2274 1706 2297 euim
1729 2274 1802 2297 rein

97 2317 203 2355 sciet,
249 2316 315 2351 nisi
349 2316 408 2363 qui
441 2316 557 2351 onmia
596 2316 825 2362 ignoraverit.
886 2315 953 2350 Sed
992 2316 1059 2351 iam
1100 2321 1238 2363 tempus
1270 2316 1420 2351 abeundi
1461 2318 1581 2352 instat.
1628 2319 1895 2365 1111111111i‹l§.i·.15.

95 2373 189 2408 aliud
221 2373 297 2407 vis‘.l
1806 2411 1810 2413 ,

180 2428 351 2463 Eccius.
402 2427 454 2462 Nil
497 2427 564 2463 nisi
606 2428 700 2474 quod
730 2427 963 2474 Lipsensibus
1003 2429 1089 2463 meis
1127 2439 1194 2463 una
1235 2440 1312 2463 runi
1352 2428 1473 2464 Rubeo
1513 2435 1637 2464 nostro
1670 2430 1804 2476 gratias

52 2496 204 2530 magas,
247 2495 373 2530 meque
414 2484 447 2518 in
480 2483 673 2519 multorum
705 2483 893 2530 pernitiem
924 2483 1038 2518 vivere
1070 2496 1109 2518 ae
1147 2495 1270 2519 sanum
1312 2484 1515 2531 salvumtpie
1555 2496 1632 2520 esse
1671 2497 1805 2521 annun-

98 2542 188 2579 cies,
221 2552 284 2575 nec
317 2539 469 2574 testibus
501 2551 638 2577 varere.
672 2539 777 2585 idque
809 2539 946 2585 magnis
978 2539 1130 2574 testibus=
1162 2552 1216 2574 me
1244 2541 1395 2587 prol—tare
1418 2552 1541 2587 posse,
1573 2541 1697 2575 dentes
1721 2553 1802 2576 vero

99 2607 307 2644 suptu‘esse,
340 2606 411 2630 non
445 2601 513 2630 tam
545 2601 583 2630 ut
615 2595 814 2634 mordeam,
847 2606 951 2641 quam
981 2601 1020 2630 ut
1048 2596 1174 2631 canino
1198 2596 1289 2631 rictu
1313 2596 1448 2643 optimo
1471 2597 1598 2643 cuique
1621 2596 1803 2632 adlatrem.

183 2652 450 2697 Chirurgus.
502 2651 589 2685 Fiet.
636 2651 695 2685 sed
727 2651 885 2697 nunquid
917 2650 1009 2686 aliud
1042 2652 1091 2685 vis
1107 2655 1120 2685 Υ
1807 2661 1895 2692 §.1203

183 2707 356 2743 Eccius.
408 2706 491 2741 Illos
523 2718 588 2753 pro
621 2706 803 2741 lahijiribus
838 2706 898 2741 tibi
932 2707 1137 2743 satisfacere
1160 2705 1317 2746 iubebis:
1348 2708 1433 2743 mihi
1456 2708 1548 2742 enim
1572 2707 1637 2743 iam
1660 2708 1803 2743 Romam

190 2827 199 2847 ¹
226 2828 385 2859 κολακια
407 2829 485 2859 2.3.
559 2826 763 2858 ‘Adulatio'.
850 2826 862 2845 ³
889 2827 1103 2868 ‘hoec—ptio'.
1191 2827 1204 2847 ⁴
1228 2828 1436 2868 Myrmeeiae
1469 2828 1504 2867 (a
1536 2822 1702 2869 μύρμηξ,
1737 2828 1806 2858 for-

101 2883 210 2923 mica)
243 2892 475 2914 verrucarum
500 2883 654 2923 speeies.
725 2881 738 2900 5
765 2882 1004 2913 ‘'semei—itas&
1087 2883 1128 2902 (Μ
1154 2887 1238 2915 ante
1264 2885 1296 2915 d.
1317 2882 1392 2924 ela}
1420 2883 1555 2924 Vergil.
1575 2884 1663 2914 Aen.
1684 2884 1711 2913 I.
1731 2883 1806 2915 374.

102 2937 128 2958 ¹³
154 2938 303 2970 loethale
323 2940 418 2971 1...3.
513 2937 538 2957 ’ὓ
564 2937 699 2979 Vergil.
718 2938 807 2969 Aen.
826 2938 887 2969 VI.
908 2937 983 2969 363.
1010 2939 1052 2969 X.
1073 2938 1147 2971 597.
1167 2950 1219 2980 sq.
1314 2939 1339 2959 ¹⁴³
1365 2950 1452 2970 mar.
1477 2937 1588 2980 publ.]
1616 2939 1808 2969 manifeste

103 2993 380 3035 concubinarie,
412 3004 440 3025 s.
460 2995 575 3034 potius
605 2993 796 3024 multarum
828 2995 963 3034 passim
997 2994 1150 3028 adulter,
1244 2994 1271 3014 ²³
1296 2996 1431 3037 Vergil.
1451 2996 1537 3025 Aen.
1557 2995 1616 3025 IV.
1636 2994 1711 3025 53fi5.
1732 3004 1807 3034 sqq.

103 3053 216 3091 autboz
240 3053 272 3081 2.
285 3052 318 3082 3.
389 3049 418 3069 ⁴⁰
442 3050 642 3091 perniciem
661 3051 693 3080 4.
1782 3058 1785 3061 “
