2101 3512
307 222 399 266 542
886 237 1038 258 DIALOGI
1064 236 1422 258 PSEVDOHVTTENICI.

304 342 510 390 properanti
541 341 724 388 pecuniam
756 339 876 386 potius
907 340 1094 374 corradere
1126 350 1229 385 quam
1268 338 1467 384 expendere
1506 349 1652 373 necesse
1690 343 1764 377 est;
1801 350 1880 373 cum
1920 350 2002 373 vero

304 409 467 433 reversus
499 396 622 434 suero,
653 395 757 442 plane
789 393 1022 433 satisfaciam,
1055 394 1160 429 etiam
1193 394 1221 427 si
1252 392 1410 440 capellus
1442 392 1499 428 ille
1522 393 1670 431 rubeus,
1696 405 1808 440 vquem
1831 393 2003 429 allaturus

304 464 398 491 sum,
431 450 720 498 oppignorandus
751 449 807 484 sit.

214 515 299 545 §.iaz
387 507 658 551 Chirurgus.
709 505 828 544 Facis,
860 511 899 540 ut
930 511 963 539 te
994 505 1106 539 decet.
1167 504 1227 539 sed
1258 504 1416 550 nunquid
1449 503 1516 539 alia
1547 504 1707 539 restant?

387 561 560 597 Eccius.
611 561 768 598 Minime,
801 561 868 595 nisi
901 560 995 607 quod
1026 560 1135 594 ferme
1168 558 1301 594 oblitus
1333 558 1485 598 fueram,
1522 564 1563 593 ut
1592 559 1783 594 Lovanium
1815 558 2034 606 aliquando5

301 616 557 665 proficiscaris,
597 628 636 651 ac
668 615 797 650 ibidem
827 615 1007 662 Magistris
1038 615 1197 654 Nostris,
1239 626 1303 650 seu
1333 614 1455 661 potius
1487 615 1698 661 stuporibus
1731 614 1821 654 illis,
1862 615 2007 661 egregia

304 679 362 708 tua
393 672 587 707 medicandi
620 676 694 706 arte
726 683 934 707 succurras:
976 682 1055 705 nam
1086 671 1121 705 hi
1152 682 1227 717 prae
1258 670 1387 705 ceteris
1420 669 1478 704 illa
1511 670 1682 716 indigent.

387 728 653 773 Chirurgus.
704 726 799 766 Fiet,
831 727 981 761 forsitan
1015 726 1204 773 obiterque
1235 725 1419 760 Coloniam
1451 726 1635 772 attingam.

213 794 300 823 5223.
389 782 561 818 Eceius.
614 781 694 817 Vale
727 782 855 828 igitur,
888 782 1054 828 chirurge
1087 782 1239 829 optime,
1279 792 1359 816 nam
1399 786 1580 816 strenuam
1612 781 1746 816 nai-asti
1779 792 1941 828 operam,
1974 787 2009 816 et

303 845 357 878 tu,
391 838 526 877 Rubee,
560 837 644 872 vale.
691 838 720 876 1,
754 849 858 884 puer,
893 844 927 872 ct
958 838 1137 872 Canidiam
1167 848 1269 875 voca,
1302 843 1341 871 ut
1373 836 1453 871 illos
1485 837 1639 871 revehat.
2024 844 2054 868 ιιι

384 894 579 929 Rubeus.
629 893 696 928 Per
726 893 829 928 deum
860 894 1013 928 medium
1044 892 1183 931 fidium,
1224 904 1291 938 ego
1329 903 1401 927 non
1439 891 1564 926 vellem
1601 892 1763 939 accipere
1794 892 1913 927 decem
1945 892 2007 927 sso-

301 961 424 988 renos,
458 949 551 995 quod
583 960 650 995 ego
682 948 806 984 vellem
837 950 998 996 equitare
1031 960 1139 995 supra
1172 947 1229 982 illa
1261 947 1447 983 maledicta
1478 947 1610 986 bestia,
1658 959 1726 993 ego
1765 947 1846 982 volo
1886 949 2007 995 potius

300 1017 364 1052 per
394 1005 501 1051 pedes
533 1004 640 1039 abire.

383 1060 553 1096 Eecius.
605 1060 681 1094 Non
711 1060 813 1095 decet
846 1059 950 1095 talem
982 1060 1094 1095 virum
1126 1059 1276 1106 pedibus
1309 1058 1500 1094 ambulare.
1529 1080 1533 1084 ·

383 1115 571 1151 Rubeus.
623 1115 694 1162 Ego
726 1127 799 1150 non
831 1116 1055 1151 ascenderem
1087 1115 1259 1162 amptius,
1299 1126 1363 1150 neo
1394 1108 1624 1150 Emseran'um
1665 1114 1936 1162 Capricornum,
1976 1115 2005 1149 si
2021 1122 2053 1146 15

299 1172 459 1211 adesset,
493 1172 574 1218 quia
609 1173 767 1206 timerem
799 1171 895 1218 quod
927 1172 1045 1206 omnia
1075 1171 1349 1218 permerdarem.

381 1228 554 1262 Eecius.
608 1227 681 1261 Tuo
713 1226 899 1262 arbitratu.
960 1227 1092 1262 Iterum
1123 1238 1210 1273 ergo
1244 1225 1366 1261 valete.

382 1283 656 1329 Chirurgus.
710 1283 760 1317 Tu
794 1294 956 1330 quoquc,
1000 1282 1078 1318 Ecei
1109 1282 1291 1321 dedolate,
1331 1281 1423 1321 vale,
1471 1293 1509 1317 ac
1541 1282 1744 1317 memineris
1783 1287 1822 1316 ut
1852 1282 1932 1316 dein
1965 1281 2007 1317 ab

301 1339 436 1374 artibus
468 1339 537 1374 tuis
569 1344 766 1385 temperes,
813 1339 841 1373 si
873 1338 999 1374 saltem
1038 1338 1297 1374 Canonicorum
1328 1338 1557 1374 Indoctorum
1597 1338 1711 1372 fustes
1752 1336 1912 1383 effugere
1948 1337 2008 1372 de-

299 1395 446 1430 sideras.

209 1448 295 1479 §³2³³-
383 1450 569 1485 Chorus.
621 1450 647 1483 (⁷)
686 1449 794 1485 stulte
833 1450 1020 1497 chirurge,
1067 1456 1102 1485 et
1139 1449 1246 1496 longe
1286 1449 1415 1484 fabul-,e
1455 1449 1561 1483 huius
1603 1448 1780 1495 scriptore
1819 1447 2005 1483 stolidior:

300 1505 357 1541 ille
389 1506 481 1541 enim
513 1506 655 1552 ineptus
687 1506 792 1541 homo
824 1506 944 1552 inepte
976 1511 1149 1552 nugatur,
1183 1505 1338 1552 ineptius
1370 1516 1451 1540 vero
1484 1504 1647 1539 homines
1679 1504 1850 1539 barbaros
1870 1505 2005 1542 Latine,

298 1568 333 1596 et
372 1561 414 1607 (si
446 1562 512 1596 diis
543 1561 668 1608 plat—eij
712 1561 829 1596 Graece
869 1573 1123 1608 nonnunquam
1165 1561 1354 1607 loquentes
1397 1560 1614 1599 introducit,
1661 1560 1882 1607 ineptissime
1920 1571 2004 1594 vero

299 1616 519 1663 Theologtnn
551 1622 585 1651 et
617 1617 952 1663 praestantissinnnn
983 1617 1190 1662 Magistrum
1222 1616 1390 1651 Nostrum
1422 1627 1501 1651 cum
1533 1616 1676 1651 homine
1707 1615 1870 1651 carnifice
1910 1627 2005 1651 com-

298 1673 424 1711 mittit,
459 1686 496 1707 ae
528 1672 710 1719 disputare
742 1672 862 1719 fingit,
903 1672 947 1707 ob
980 1684 1084 1719 quam
1118 1672 1168 1706 vel
1201 1672 1312 1707 solam
1344 1683 1484 1707 causam
1517 1671 1559 1707 ab
1590 1671 1775 1706 llaeretiris
1807 1671 1878 1706 illis
1908 1671 2003 1706 Prae·
2017 1678 2050 1703 25

296 1728 515 1764 dieatorihns
547 1728 822 1774 inquisitoribus
855 1729 1089 1775 inquirendus
1129 1734 1243 1764 esset:
1288 1734 1326 1762 tu
1369 1738 1450 1762 vero
1492 1739 1565 1762 rem
1604 1727 1827 1774 desperatam
1865 1733 1901 1762 et
1942 1728 2004 1762 im-

297 1784 504 1830 possibilem
535 1785 683 1830 aggredi
715 1785 839 1823 andes,
873 1796 911 1819 ac
943 1783 1164 1830 Theologum
1196 1784 1419 1830 eundemque
1453 1782 1711 1818 scholasticum
1744 1783 1785 1817 ad
1818 1782 2003 1829 frugalita-

296 1845 366 1886 tem
398 1845 432 1875 et
463 1851 583 1874 sanam
614 1845 767 1875 mentem
799 1851 965 1876 revocare
997 1841 1156 1879 conaris,
1205 1839 1300 1887 qnod
1334 1845 1406 1874 tum
1448 1839 1589 1874 denium
1628 1839 1706 1878 fiet,
1753 1839 1893 1886 quando
1925 1838 2002 1873 eseli

295 1895 455 1931 movendi
489 1901 571 1930 sunt
604 1901 638 1930 et
672 1901 775 1931 terra.

2018 1399 2052 1424 20

665 1985 748 2019 Acta
780 1984 916 2020 decimo
946 1983 1121 2019 Kalendas
1152 1983 1288 2022 Marcii,
1322 1984 1423 2017 Anno
1455 1983 1627 2018 )I‚l).XX.
2015 1993 2048 2018 30

902 2041 937 2075 ln
976 2039 1148 2087 Occipitio
1181 2039 1389 2074 Gerinanize.

351 2116 497 2152 Discreti
528 2116 663 2152 Fratris
694 2118 862 2153 Dominici
894 2117 1098 2164 Leucopygi
1128 2116 1377 2164 pomposiani,
1418 2117 1581 2152 Cursoris
1622 2117 1655 2151 in
1689 2116 1927 2163 Theolongia‚
1969 2123 2003 2152 et

434 2173 554 2207 statim
585 2173 812 2219 Magistrandi
842 2174 958 2209 nostri
990 2174 1137 2208 Carmen
1168 2164 1482 2219 εὖχαριστήριον,
1524 2173 1617 2219 quod
1657 2173 1800 2207 sanitati
1833 2172 2002 2207 restituto

434 2229 740 2264 Revereudissimo
771 2230 941 2276 Magistro
972 2229 1103 2264 Nostro
1134 2228 1242 2264 Eckio
1275 2240 1314 2264 ex
1348 2235 1507 2275 tempore
1540 2235 1571 2263 et
1605 2240 1677 2264 nno
1710 2229 1838 2275 spiritu
1880 2229 2002 2263 effudit

434 2295 506 2330 prae
539 2285 681 2330 gaudio.
740 2285 833 2332 Lege
864 2285 1026 2321 feliciter.
2013 2298 2046 2322 35

560 2339 739 2379 Plaudite,
770 2340 946 2376 Barbaria}
977 2353 1163 2388 proceres,
1196 2340 1364 2385 gaudete,
1400 2340 1588 2387 Sophistze,

645 2396 772 2432 Eckius
803 2408 821 2431 a
853 2396 985 2444 Stygiis
1017 2397 1196 2437 faucibus,
1230 2407 1328 2435 eece,
1370 2397 1481 2433 redit:

562 2450 626 2494 Qui
658 2451 763 2487 simul
795 2464 833 2487 ac
867 2453 985 2499 tepido
1018 2453 1139 2500 posuit
1171 2452 1325 2487 membra
1357 2464 1450 2498 :egra
1482 2452 1644 2498 grabato,

477 2517 492 2542 4
641 2508 712 2543 Iam
741 2507 1040 2555 Phlegethonteas
1073 2515 1171 2544 trans
1202 2507 1366 2543 abiturus
1398 2519 1518 2554 aquas,

560 2563 774 2603 Barbaries,·
793 2563 906 2599 dulcis
937 2564 1061 2599 morbo
1093 2564 1283 2611 perterrita
1314 2564 1398 2603 nati,
2011 2577 2046 2602 40

643 2620 721 2667 Ipsa
752 2631 832 2655 suas
864 2620 978 2655 fertur
1008 2619 1219 2656 dilacerasse
1251 2631 1381 2655 comas.

381 2794 393 2814 ²
420 2794 590 2826 Galerum
632 2794 908 2827 cardinalicium
949 2795 1138 2827 adfectare
1171 2797 1321 2827 Ecciunl
1363 2796 1560 2826 communis
1599 2799 1674 2826 tum
1715 2795 1867 2836 suspitio
1906 2797 1996 2825 erat.

294 2851 306 2869 ἓ
332 2851 426 2889 Fiet,
453 2851 577 2882 forsan
602 2853 634 2882 4.
707 2849 730 2870 ¹¹
759 2850 864 2881 deum
889 2849 979 2880 med.
1000 2849 1072 2891 fid.]
1100 2851 1154 2882 Cf.
1174 2852 1264 2893 Epp.
1285 2852 1380 2882 O.V.
1399 2851 1445 2882 ΙΙ.
1464 2850 1518 2881 28.
1539 2851 1651 2882 art.2.
1700 2850 1725 2870 ¹⁴³
1752 2850 1888 2881 Canon.
1907 2848 1996 2891 ind.]

295 2906 350 2937 Cf.
369 2907 398 2943 ξ.
414 2905 465 2937 18.
519 2905 548 2925 ²²
573 2904 648 2947 ille]
674 2907 765 2937 immo
791 2906 851 2936 hic
904 2903 991 2930 ²5⁴⁵q·
1017 2906 1145 2947 Aggaei
1170 2907 1289 2938 1122.
1345 2906 1373 2926 ³²
1391 2903 1634 2948 Theolongia]
1662 2906 1708 2937 cf.
1727 2906 1856 2937 vol.II.
1875 2904 1995 2947 p.460.

291 2963 321 3000 ξ.
336 2961 385 2993 18.
449 2960 476 2980 3³
501 2961 742 3002 Magistrandi
759 2959 886 3002 nostri]
915 2961 969 2992 Cf.
988 2962 1081 3003 Epp.
1101 2961 1142 2993 O.
1156 2963 1196 2993 V.
1216 2963 1243 2993 Ι.
1267 2962 1294 2993 l.
1360 2948 1629 3004 {viaoeatsnov
1646 2962 1722 2993 edd.
1765 2954 1996 3002 Εὗχαριστή-

292 3027 370 3057 ριος
386 3011 514 3059 ὕμνος,
541 3017 738 3058 gratiarum
765 3017 883 3053 actio,
910 3017 1188 3058 gratulatorium
1213 3028 1371 3049 carmen.
1442 3017 1470 3036 ³5
1494 3018 1651 3058 foeliciter
1669 3020 1741 3048 2.3.
1812 3015 1841 3035 ³⁸
1866 3016 1995 3049 menbra

291 3082 362 3112 egra
380 3075 456 3104 2.3.
484 3072 539 3104 Cf,
559 3071 694 3113 Vergil.
714 3075 838 3103 moret.
858 3071 888 3103 5.
951 3070 978 3091 3⁹
996 3072 1305 3113 Phlegethonteas
1324 3075 1421 3104 1...3.
1478 3073 1641 3104 abituras
1660 3075 1688 3103 1.
1715 3072 1903 3105 urhitutuse
1921 3073 1994 3102 2.3.
