<?xml version="1.0" encoding="UTF-8"?>
<!DOCTYPE html PUBLIC "-//W3C//DTD XHTML 1.0 Transitional//EN"
    "http://www.w3.org/TR/xhtml1/DTD/xhtml1-transitional.dtd">
<html xmlns="http://www.w3.org/1999/xhtml" xml:lang="en" lang="en">
 <head>
  <title>
</title>
<meta http-equiv="Content-Type" content="text/html;charset=utf-8" />
  <meta name='ocr-system' content='tesseract 3.04.00' />
  <meta name='ocr-capabilities' content='ocr_page ocr_carea ocr_par ocr_line ocrx_word'/>
</head>
<body>
  <div class='ocr_page' id='page_1' title='image "./operaquaereperir04huttuoft/operaquaereperir04huttuoft_0062.png"; bbox 0 0 2101 3512; ppageno 0'>
   <div class='ocr_carea' id='block_1_1' title="bbox 332 494 2043 1427">
    <p class='ocr_par' dir='ltr' id='par_1_1' title="bbox 334 494 2041 706">
     <span class='ocr_line' id='line_1_1' title="bbox 423 494 2038 539; baseline -0.004 -8"><span class='ocrx_word' id='word_1_1' title='bbox 423 499 704 539; x_wconf 76' lang='lat' dir='ltr'>Inscriptioncm</span> <span class='ocrx_word' id='word_1_2' title='bbox 729 498 892 529; x_wconf 81' lang='lat' dir='ltr'><strong>dedimus</strong></span> <span class='ocrx_word' id='word_1_3' title='bbox 918 501 957 528; x_wconf 91' lang='lat' dir='ltr'>ut</span> <span class='ocrx_word' id='word_1_4' title='bbox 982 498 1061 538; x_wconf 90' lang='lat' dir='ltr'>ipse</span> <span class='ocrx_word' id='word_1_5' title='bbox 1086 497 1271 527; x_wconf 90' lang='lat' dir='ltr'>Huttenus</span> <span class='ocrx_word' id='word_1_6' title='bbox 1297 495 1427 527; x_wconf 76' lang='lat' dir='ltr'>delet-‘e</span> <span class='ocrx_word' id='word_1_7' title='bbox 1453 495 1611 536; x_wconf 84' lang='lat' dir='ltr'>priorum</span> <span class='ocrx_word' id='word_1_8' title='bbox 1645 494 1888 536; x_wconf 82' lang='lat' dir='ltr'>exemplorum</span> <span class='ocrx_word' id='word_1_9' title='bbox 1921 505 2038 526; x_wconf 74' lang='lat' dir='ltr'>exem-</span> 
     </span>
     <span class='ocr_line' id='line_1_2' title="bbox 334 550 2039 597; baseline -0.004 -10"><span class='ocrx_word' id='word_1_10' title='bbox 334 556 429 597; x_wconf 82' lang='lat' dir='ltr'>plari</span> <span class='ocrx_word' id='word_1_11' title='bbox 453 555 655 586; x_wconf 86' lang='lat' dir='ltr'>Parisicnsi</span> <span class='ocrx_word' id='word_1_12' title='bbox 689 554 781 594; x_wconf 91' lang='lat' dir='ltr'>quod</span> <span class='ocrx_word' id='word_1_13' title='bbox 815 564 846 584; x_wconf 91' lang='lat' dir='ltr'>a.</span> <span class='ocrx_word' id='word_1_14' title='bbox 869 552 965 584; x_wconf 73' lang='lat'>1519.</span> <span class='ocrx_word' id='word_1_15' title='bbox 992 553 1178 594; x_wconf 81' lang='lat' dir='ltr'>prodierat</span> <span class='ocrx_word' id='word_1_16' title='bbox 1208 552 1387 593; x_wconf 80' lang='lat' dir='ltr'>hodieque</span> <span class='ocrx_word' id='word_1_17' title='bbox 1422 552 1518 582; x_wconf 82' lang='lat' dir='ltr'>inter</span> <span class='ocrx_word' id='word_1_18' title='bbox 1548 551 1660 582; x_wconf 87' lang='lat' dir='ltr'>libros</span> <span class='ocrx_word' id='word_1_19' title='bbox 1691 550 1903 592; x_wconf 70' lang='lat' dir='ltr'>reipublicae</span> <span class='ocrx_word' id='word_1_20' title='bbox 1936 550 2039 581; x_wconf 89' lang='lat' dir='ltr'>Turi-</span> 
     </span>
     <span class='ocr_line' id='line_1_3' title="bbox 334 606 2041 649; baseline -0.003 -8"><span class='ocrx_word' id='word_1_21' title='bbox 334 611 453 642; x_wconf 87' lang='lat' dir='ltr'>censis</span> <span class='ocrx_word' id='word_1_22' title='bbox 480 611 693 641; x_wconf 79' lang='lat' dir='ltr'><strong>adservatur</strong></span> <span class='ocrx_word' id='word_1_23' title='bbox 719 609 874 649; x_wconf 87' lang='lat' dir='ltr'>(Indicis</span> <span class='ocrx_word' id='word_1_24' title='bbox 898 609 1067 649; x_wconf 85' lang='lat' dir='ltr'>bibliogr.</span> <span class='ocrx_word' id='word_1_25' title='bbox 1094 618 1189 639; x_wconf 90' lang='lat' dir='ltr'>num.</span> <span class='ocrx_word' id='word_1_26' title='bbox 1208 608 1321 639; x_wconf 82' lang='lat' dir='ltr'>XVII.</span> <span class='ocrx_word' id='word_1_27' title='bbox 1342 608 1407 647; x_wconf 81' lang='lat'>5.),</span> <span class='ocrx_word' id='word_1_28' title='bbox 1437 607 1654 649; x_wconf 85' lang='lat' dir='ltr'>adscripsit,</span> <span class='ocrx_word' id='word_1_29' title='bbox 1680 607 1751 638; x_wconf 90' lang='lat' dir='ltr'>nisi</span> <span class='ocrx_word' id='word_1_30' title='bbox 1778 606 1871 647; x_wconf 90' lang='lat' dir='ltr'>quod</span> <span class='ocrx_word' id='word_1_31' title='bbox 1888 606 1976 648; x_wconf 74' lang='lat' dir='ltr'>Equ.</span> <span class='ocrx_word' id='word_1_32' title='bbox 2005 609 2041 637; x_wconf 88' lang='lat' dir='ltr'>et</span> 
     </span>
     <span class='ocr_line' id='line_1_4' title="bbox 334 665 1182 706; baseline -0.001 -10"><span class='ocrx_word' id='word_1_33' title='bbox 334 667 467 706; x_wconf 71' lang='lat' dir='ltr'>Dialogy:</span> <span class='ocrx_word' id='word_1_34' title='bbox 493 665 657 696; x_wconf 88' lang='lat' dir='ltr'>omnibus</span> <span class='ocrx_word' id='word_1_35' title='bbox 683 666 756 696; x_wconf 86' lang='lat' dir='ltr'>suis</span> <span class='ocrx_word' id='word_1_36' title='bbox 782 665 917 696; x_wconf 87' lang='lat' dir='ltr'>litteris</span> <span class='ocrx_word' id='word_1_37' title='bbox 944 665 1182 696; x_wconf 80' lang='lat' dir='ltr'>exhibuimus.</span> 
     </span>
    </p>

    <p class='ocr_par' dir='ltr' id='par_1_2' title="bbox 332 718 2043 1427">
     <span class='ocr_line' id='line_1_5' title="bbox 422 718 2040 762; baseline -0.002 -10"><span class='ocrx_word' id='word_1_38' title='bbox 422 722 477 752; x_wconf 91' lang='lat' dir='ltr'>De</span> <span class='ocrx_word' id='word_1_39' title='bbox 505 721 677 762; x_wconf 80' lang='lat' dir='ltr'>exemplis</span> <span class='ocrx_word' id='word_1_40' title='bbox 704 721 749 752; x_wconf 90' lang='lat' dir='ltr'>ad</span> <span class='ocrx_word' id='word_1_41' title='bbox 774 721 867 752; x_wconf 86' lang='lat' dir='ltr'>hanc</span> <span class='ocrx_word' id='word_1_42' title='bbox 895 721 1091 752; x_wconf 80' lang='lat' dir='ltr'>editionem</span> <span class='ocrx_word' id='word_1_43' title='bbox 1117 720 1318 761; x_wconf 84' lang='lat' dir='ltr'>parandam</span> <span class='ocrx_word' id='word_1_44' title='bbox 1344 720 1381 750; x_wconf 93' lang='lat' dir='ltr'>in</span> <span class='ocrx_word' id='word_1_45' title='bbox 1406 719 1607 750; x_wconf 82' lang='lat' dir='ltr'>subsidium</span> <span class='ocrx_word' id='word_1_46' title='bbox 1638 719 1781 749; x_wconf 80' lang='lat' dir='ltr'>vocatis</span> <span class='ocrx_word' id='word_1_47' title='bbox 1815 718 1911 749; x_wconf 87' lang='lat' dir='ltr'>conf.</span> <span class='ocrx_word' id='word_1_48' title='bbox 1943 718 2040 749; x_wconf 90' lang='lat' dir='ltr'>Indi-</span> 
     </span>
     <span class='ocr_line' id='line_1_6' title="bbox 335 773 2040 817; baseline -0.002 -9"><span class='ocrx_word' id='word_1_49' title='bbox 335 788 413 808; x_wconf 88' lang='lat' dir='ltr'>cem</span> <span class='ocrx_word' id='word_1_50' title='bbox 438 788 471 808; x_wconf 90' lang='lat' dir='ltr'>n.</span> <span class='ocrx_word' id='word_1_51' title='bbox 491 777 605 808; x_wconf 79' lang='lat' dir='ltr'>XVII.</span> <span class='ocrx_word' id='word_1_52' title='bbox 653 787 724 807; x_wconf 90' lang='lat' dir='ltr'>non</span> <span class='ocrx_word' id='word_1_53' title='bbox 751 777 887 808; x_wconf 87' lang='lat' dir='ltr'>contuli</span> <span class='ocrx_word' id='word_1_54' title='bbox 913 779 1005 808; x_wconf 80' lang='grc'><em>6...8.</em></span> <span class='ocrx_word' id='word_1_55' title='bbox 1034 779 1086 807; x_wconf 90' lang='grc'>11.</span> <span class='ocrx_word' id='word_1_56' title='bbox 1113 786 1229 817; x_wconf 79' lang='lat' dir='ltr'>neque</span> <span class='ocrx_word' id='word_1_57' title='bbox 1256 775 1301 806; x_wconf 86' lang='lat' dir='ltr'>ad</span> <span class='ocrx_word' id='word_1_58' title='bbox 1325 776 1526 816; x_wconf 82' lang='lat' dir='ltr'>marginem</span> <span class='ocrx_word' id='word_1_59' title='bbox 1554 785 1574 805; x_wconf 87' lang='lat' dir='ltr'>a</span> <span class='ocrx_word' id='word_1_60' title='bbox 1599 776 1709 806; x_wconf 92' lang='lat' dir='ltr'>Petro</span> <span class='ocrx_word' id='word_1_61' title='bbox 1725 774 1953 805; x_wconf 85' lang='lat' dir='ltr'>Herdesiano</span> <span class='ocrx_word' id='word_1_62' title='bbox 1980 773 2040 804; x_wconf 87' lang='lat' dir='ltr'>ad-</span> 
     </span>
     <span class='ocr_line' id='line_1_7' title="bbox 333 831 2042 874; baseline -0.002 -11"><span class='ocrx_word' id='word_1_63' title='bbox 333 833 470 874; x_wconf 88' lang='lat' dir='ltr'>scripta</span> <span class='ocrx_word' id='word_1_64' title='bbox 494 832 666 864; x_wconf 87' lang='lat' dir='ltr'>lemmata</span> <span class='ocrx_word' id='word_1_65' title='bbox 693 833 950 874; x_wconf 78' lang='lat' dir='ltr'>exemplarium</span> <span class='ocrx_word' id='word_1_66' title='bbox 976 835 1007 863; x_wconf 84' lang='lat'>9.</span> <span class='ocrx_word' id='word_1_67' title='bbox 1028 834 1079 863; x_wconf 81' lang='lat'>10.</span> <span class='ocrx_word' id='word_1_68' title='bbox 1107 832 1352 862; x_wconf 78' lang='lat' dir='ltr'>transcribere</span> <span class='ocrx_word' id='word_1_69' title='bbox 1378 832 1493 861; x_wconf 79' lang='lat' dir='ltr'>visum</span> <span class='ocrx_word' id='word_1_70' title='bbox 1520 834 1586 861; x_wconf 90' lang='lat' dir='ltr'>est.</span> <span class='ocrx_word' id='word_1_71' title='bbox 1634 831 1790 861; x_wconf 90' lang='lat' dir='ltr'>Hutteni</span> <span class='ocrx_word' id='word_1_72' title='bbox 1814 840 1976 865; x_wconf 86' lang='lat' dir='ltr'>manum,</span> <span class='ocrx_word' id='word_1_73' title='bbox 2002 832 2042 860; x_wconf 85' lang='lat' dir='ltr'>ut</span> 
     </span>
     <span class='ocr_line' id='line_1_8' title="bbox 335 884 2041 930; baseline -0.003 -10"><span class='ocrx_word' id='word_1_74' title='bbox 335 889 379 920; x_wconf 86' lang='lat' dir='ltr'>ab</span> <span class='ocrx_word' id='word_1_75' title='bbox 399 889 476 930; x_wconf 90' lang='lat' dir='ltr'>ipso</span> <span class='ocrx_word' id='word_1_76' title='bbox 496 888 659 930; x_wconf 84' lang='lat' dir='ltr'>exemplo</span> <span class='ocrx_word' id='word_1_77' title='bbox 678 893 709 920; x_wconf 83' lang='lat'>5.</span> <span class='ocrx_word' id='word_1_78' title='bbox 729 889 992 930; x_wconf 76' lang='lat' dir='ltr'>distinguatur,</span> <span class='ocrx_word' id='word_1_79' title='bbox 1013 889 1053 918; x_wconf 87' lang='lat' dir='ltr'><em>H</em></span> <span class='ocrx_word' id='word_1_80' title='bbox 1066 887 1190 918; x_wconf 87' lang='lat' dir='ltr'>littera</span> <span class='ocrx_word' id='word_1_81' title='bbox 1209 887 1245 917; x_wconf 91' lang='lat' dir='ltr'>in</span> <span class='ocrx_word' id='word_1_82' title='bbox 1264 887 1502 917; x_wconf 82' lang='lat' dir='ltr'>adnotatione</span> <span class='ocrx_word' id='word_1_83' title='bbox 1521 885 1780 927; x_wconf 80' lang='lat' dir='ltr'>significamus.</span> <span class='ocrx_word' id='word_1_84' title='bbox 1823 885 1879 925; x_wconf 85' lang='lat' dir='ltr'>(In</span> <span class='ocrx_word' id='word_1_85' title='bbox 1905 895 1946 916; x_wconf 93' lang='lat' dir='ltr'>eo</span> <span class='ocrx_word' id='word_1_86' title='bbox 1965 884 2041 916; x_wconf 90' lang='lat' dir='ltr'>solo</span> 
     </span>
     <span class='ocr_line' id='line_1_9' title="bbox 333 941 2041 984; baseline -0.002 -9"><span class='ocrx_word' id='word_1_87' title='bbox 333 945 496 975; x_wconf 90' lang='lat' dir='ltr'>Hutteno</span> <span class='ocrx_word' id='word_1_88' title='bbox 523 944 770 975; x_wconf 81' lang='lat' dir='ltr'>obsecundare</span> <span class='ocrx_word' id='word_1_89' title='bbox 795 944 912 983; x_wconf 86' lang='lat' dir='ltr'>nolui,</span> <span class='ocrx_word' id='word_1_90' title='bbox 940 948 979 974; x_wconf 91' lang='lat' dir='ltr'>ut</span> <span class='ocrx_word' id='word_1_91' title='bbox 1004 944 1138 984; x_wconf 89' lang='lat' dir='ltr'>ubique</span> <span class='ocrx_word' id='word_1_92' title='bbox 1164 946 1300 984; x_wconf 89' lang='lat' dir='ltr'>puncta</span> <span class='ocrx_word' id='word_1_93' title='bbox 1326 941 1563 983; x_wconf 87' lang='lat' dir='ltr'>initialesque</span> <span class='ocrx_word' id='word_1_94' title='bbox 1589 941 1735 973; x_wconf 86' lang='lat' dir='ltr'>litteras</span> <span class='ocrx_word' id='word_1_95' title='bbox 1760 951 1932 982; x_wconf 86' lang='lat' dir='ltr'>ponerem</span> <span class='ocrx_word' id='word_1_96' title='bbox 1957 950 2041 982; x_wconf 89' lang='lat' dir='ltr'>quo-</span> 
     </span>
     <span class='ocr_line' id='line_1_10' title="bbox 334 997 2042 1040; baseline -0.002 -9"><span class='ocrx_word' id='word_1_97' title='bbox 334 1001 430 1032; x_wconf 86' lang='lat' dir='ltr'>tiens</span> <span class='ocrx_word' id='word_1_98' title='bbox 455 1000 491 1030; x_wconf 92' lang='lat' dir='ltr'>in</span> <span class='ocrx_word' id='word_1_99' title='bbox 516 1000 756 1031; x_wconf 86' lang='lat' dir='ltr'>incisionibus</span> <span class='ocrx_word' id='word_1_100' title='bbox 782 999 1051 1040; x_wconf 82' lang='lat' dir='ltr'>maioribusque</span> <span class='ocrx_word' id='word_1_101' title='bbox 1077 998 1211 1029; x_wconf 88' lang='lat' dir='ltr'>litteris</span> <span class='ocrx_word' id='word_1_102' title='bbox 1229 998 1406 1039; x_wconf 87' lang='lat' dir='ltr'>ponendis</span> <span class='ocrx_word' id='word_1_103' title='bbox 1425 997 1609 1038; x_wconf 85' lang='lat' dir='ltr'>profusior</span> <span class='ocrx_word' id='word_1_104' title='bbox 1626 998 1703 1038; x_wconf 81' lang='lat' dir='ltr'>ipse</span> <span class='ocrx_word' id='word_1_105' title='bbox 1722 999 1877 1039; x_wconf 82' lang='lat' dir='ltr'>scriptor</span> <span class='ocrx_word' id='word_1_106' title='bbox 1895 998 1932 1028; x_wconf 91' lang='lat' dir='ltr'>in</span> <span class='ocrx_word' id='word_1_107' title='bbox 1948 1007 2042 1028; x_wconf 86' lang='lat' dir='ltr'>mar-</span> 
     </span>
     <span class='ocr_line' id='line_1_11' title="bbox 334 1053 2041 1097; baseline -0.002 -10"><span class='ocrx_word' id='word_1_108' title='bbox 334 1057 417 1096; x_wconf 64' lang='lat' dir='ltr'>gine</span> <span class='ocrx_word' id='word_1_109' title='bbox 444 1056 629 1087; x_wconf 86' lang='lat' dir='ltr'>iussisset:</span> <span class='ocrx_word' id='word_1_110' title='bbox 656 1057 759 1097; x_wconf 89' lang='lat' dir='ltr'>posui</span> <span class='ocrx_word' id='word_1_111' title='bbox 785 1060 907 1087; x_wconf 87' lang='lat' dir='ltr'>tamen</span> <span class='ocrx_word' id='word_1_112' title='bbox 932 1054 1035 1096; x_wconf 87' lang='lat' dir='ltr'>plura</span> <span class='ocrx_word' id='word_1_113' title='bbox 1062 1055 1181 1084; x_wconf 83' lang='lat' dir='ltr'>fateor</span> <span class='ocrx_word' id='word_1_114' title='bbox 1208 1064 1313 1094; x_wconf 85' lang='lat' dir='ltr'>quam</span> <span class='ocrx_word' id='word_1_115' title='bbox 1339 1054 1370 1083; x_wconf 90' lang='lat' dir='ltr'>si</span> <span class='ocrx_word' id='word_1_116' title='bbox 1388 1063 1469 1083; x_wconf 85' lang='lat' dir='ltr'>mea</span> <span class='ocrx_word' id='word_1_117' title='bbox 1489 1053 1628 1083; x_wconf 87' lang='lat' dir='ltr'>edenda</span> <span class='ocrx_word' id='word_1_118' title='bbox 1647 1053 1804 1084; x_wconf 85' lang='lat' dir='ltr'>fuissent</span> <span class='ocrx_word' id='word_1_119' title='bbox 1821 1054 2041 1094; x_wconf 84' lang='lat' dir='ltr'>posuissem:</span> 
     </span>
     <span class='ocr_line' id='line_1_12' title="bbox 333 1109 2042 1154; baseline -0.002 -11"><span class='ocrx_word' id='word_1_120' title='bbox 333 1112 598 1154; x_wconf 83' lang='lat' dir='ltr'>inpedimento,</span> <span class='ocrx_word' id='word_1_121' title='bbox 627 1122 697 1142; x_wconf 88' lang='lat' dir='ltr'>non</span> <span class='ocrx_word' id='word_1_122' title='bbox 725 1111 908 1142; x_wconf 86' lang='lat' dir='ltr'>commodo</span> <span class='ocrx_word' id='word_1_123' title='bbox 934 1111 1110 1141; x_wconf 86' lang='lat' dir='ltr'>lectorum</span> <span class='ocrx_word' id='word_1_124' title='bbox 1134 1111 1335 1140; x_wconf 89' lang='lat' dir='ltr'>Huttenum</span> <span class='ocrx_word' id='word_1_125' title='bbox 1361 1112 1507 1139; x_wconf 86' lang='lat' dir='ltr'>secutus</span> <span class='ocrx_word' id='word_1_126' title='bbox 1535 1118 1666 1147; x_wconf 88' lang='lat' dir='ltr'>essem,</span> <span class='ocrx_word' id='word_1_127' title='bbox 1696 1119 1800 1150; x_wconf 92' lang='lat' dir='ltr'>quem</span> <span class='ocrx_word' id='word_1_128' title='bbox 1824 1109 1940 1151; x_wconf 91' lang='lat' dir='ltr'>ipsum</span> <span class='ocrx_word' id='word_1_129' title='bbox 1965 1110 2042 1140; x_wconf 86' lang='lat' dir='ltr'>eius</span> 
     </span>
     <span class='ocr_line' id='line_1_13' title="bbox 334 1164 2042 1208; baseline -0.002 -10"><span class='ocrx_word' id='word_1_130' title='bbox 334 1168 428 1199; x_wconf 90' lang='lat' dir='ltr'>modi</span> <span class='ocrx_word' id='word_1_131' title='bbox 453 1166 680 1208; x_wconf 79' lang='lat' dir='ltr'>supervane&#39;a</span> <span class='ocrx_word' id='word_1_132' title='bbox 707 1168 811 1208; x_wconf 80' lang='lat' dir='ltr'>signa</span> <span class='ocrx_word' id='word_1_133' title='bbox 837 1167 868 1198; x_wconf 92' lang='lat' dir='ltr'>si</span> <span class='ocrx_word' id='word_1_134' title='bbox 894 1177 958 1197; x_wconf 87' lang='lat' dir='ltr'>sua</span> <span class='ocrx_word' id='word_1_135' title='bbox 985 1166 1122 1206; x_wconf 88' lang='lat' dir='ltr'>scripta</span> <span class='ocrx_word' id='word_1_136' title='bbox 1148 1175 1240 1195; x_wconf 88' lang='lat' dir='ltr'>nunc</span> <span class='ocrx_word' id='word_1_137' title='bbox 1261 1164 1403 1204; x_wconf 82' lang='lat' dir='ltr'>ederet,</span> <span class='ocrx_word' id='word_1_138' title='bbox 1432 1165 1646 1195; x_wconf 86' lang='lat' dir='ltr'>omissurum</span> <span class='ocrx_word' id='word_1_139' title='bbox 1665 1174 1744 1195; x_wconf 86' lang='lat' dir='ltr'>esse</span> <span class='ocrx_word' id='word_1_140' title='bbox 1764 1164 1916 1196; x_wconf 84' lang='lat' dir='ltr'>confido.</span> <span class='ocrx_word' id='word_1_141' title='bbox 1954 1165 2042 1204; x_wconf 81' lang='lat' dir='ltr'>Quae</span> 
     </span>
     <span class='ocr_line' id='line_1_14' title="bbox 333 1220 2042 1262; baseline -0.002 -8"><span class='ocrx_word' id='word_1_142' title='bbox 333 1223 525 1254; x_wconf 84' lang='lat' dir='ltr'>Miinchius</span> <span class='ocrx_word' id='word_1_143' title='bbox 551 1223 593 1253; x_wconf 88' lang='lat' dir='ltr'>dc</span> <span class='ocrx_word' id='word_1_144' title='bbox 619 1223 773 1253; x_wconf 83' lang='lat' dir='ltr'>Huttcni</span> <span class='ocrx_word' id='word_1_145' title='bbox 808 1221 1123 1253; x_wconf 79' lang='lat' dir='ltr'>emendationibus</span> <span class='ocrx_word' id='word_1_146' title='bbox 1155 1220 1318 1262; x_wconf 81' lang='lat' dir='ltr'>exemplo</span> <span class='ocrx_word' id='word_1_147' title='bbox 1344 1224 1375 1251; x_wconf 87' lang='lat'>5.</span> <span class='ocrx_word' id='word_1_148' title='bbox 1404 1221 1600 1262; x_wconf 87' lang='lat' dir='ltr'>adscriptis</span> <span class='ocrx_word' id='word_1_149' title='bbox 1626 1220 1785 1259; x_wconf 85' lang='lat' dir='ltr'>rettulit,</span> <span class='ocrx_word' id='word_1_150' title='bbox 1821 1230 1900 1251; x_wconf 87' lang='lat' dir='ltr'>cum</span> <span class='ocrx_word' id='word_1_151' title='bbox 1926 1230 2042 1261; x_wconf 88' lang='lat' dir='ltr'>neque</span> 
     </span>
     <span class='ocr_line' id='line_1_15' title="bbox 334 1276 2043 1320; baseline -0.002 -11"><span class='ocrx_word' id='word_1_152' title='bbox 334 1280 497 1320; x_wconf 85' lang='lat' dir='ltr'>integras</span> <span class='ocrx_word' id='word_1_153' title='bbox 522 1288 638 1319; x_wconf 86' lang='lat' dir='ltr'>neque</span> <span class='ocrx_word' id='word_1_154' title='bbox 666 1278 838 1309; x_wconf 84' lang='lat' dir='ltr'>adcurate</span> <span class='ocrx_word' id='word_1_155' title='bbox 865 1278 929 1309; x_wconf 81' lang='lat' dir='ltr'>sed</span> <span class='ocrx_word' id='word_1_156' title='bbox 955 1281 1090 1308; x_wconf 82' lang='lat' dir='ltr'>temere</span> <span class='ocrx_word' id='word_1_157' title='bbox 1119 1287 1162 1308; x_wconf 89' lang='lat' dir='ltr'>ae</span> <span class='ocrx_word' id='word_1_158' title='bbox 1188 1277 1266 1307; x_wconf 90' lang='lat' dir='ltr'>sine</span> <span class='ocrx_word' id='word_1_159' title='bbox 1293 1279 1394 1307; x_wconf 89' lang='lat' dir='ltr'>certa</span> <span class='ocrx_word' id='word_1_160' title='bbox 1419 1276 1488 1307; x_wconf 87' lang='lat' dir='ltr'>fide</span> <span class='ocrx_word' id='word_1_161' title='bbox 1514 1276 1716 1315; x_wconf 78' lang='lat' dir='ltr'>rettulerit,</span> <span class='ocrx_word' id='word_1_162' title='bbox 1751 1276 1895 1307; x_wconf 89' lang='lat' dir='ltr'>omnino</span> <span class='ocrx_word' id='word_1_163' title='bbox 1921 1277 2043 1317; x_wconf 85' lang='lat' dir='ltr'>sperni</span> 
     </span>
     <span class='ocr_line' id='line_1_16' title="bbox 333 1332 2043 1376; baseline 0 -12"><span class='ocrx_word' id='word_1_164' title='bbox 333 1334 531 1376; x_wconf 87' lang='lat' dir='ltr'>poterant.)</span> <span class='ocrx_word' id='word_1_165' title='bbox 580 1334 680 1365; x_wconf 87' lang='lat' dir='ltr'>Idem</span> <span class='ocrx_word' id='word_1_166' title='bbox 705 1333 877 1364; x_wconf 87' lang='lat' dir='ltr'>librorum</span> <span class='ocrx_word' id='word_1_167' title='bbox 904 1333 1030 1371; x_wconf 81' lang='lat' dir='ltr'>index,</span> <span class='ocrx_word' id='word_1_168' title='bbox 1065 1333 1095 1364; x_wconf 87' lang='lat' dir='ltr'>si</span> <span class='ocrx_word' id='word_1_169' title='bbox 1122 1343 1313 1374; x_wconf 85' lang='lat' dir='ltr'>quamnam</span> <span class='ocrx_word' id='word_1_170' title='bbox 1339 1333 1617 1374; x_wconf 83' lang='lat' dir='ltr'>inscriptionem</span> <span class='ocrx_word' id='word_1_171' title='bbox 1651 1333 1750 1364; x_wconf 85' lang='lat' dir='ltr'>edita</span> <span class='ocrx_word' id='word_1_172' title='bbox 1783 1332 1949 1374; x_wconf 80' lang='lat' dir='ltr'>exempla</span> <span class='ocrx_word' id='word_1_173' title='bbox 1980 1332 2043 1364; x_wconf 86' lang='lat' dir='ltr'>ha-</span> 
     </span>
     <span class='ocr_line' id='line_1_17' title="bbox 332 1390 1021 1427; baseline -0.001 -6"><span class='ocrx_word' id='word_1_174' title='bbox 332 1390 445 1421; x_wconf 88' lang='lat' dir='ltr'>beant</span> <span class='ocrx_word' id='word_1_175' title='bbox 469 1399 574 1421; x_wconf 88' lang='lat' dir='ltr'>nosse</span> <span class='ocrx_word' id='word_1_176' title='bbox 599 1390 707 1427; x_wconf 72' lang='lat' dir='ltr'>velis,</span> <span class='ocrx_word' id='word_1_177' title='bbox 744 1390 928 1421; x_wconf 80' lang='lat' dir='ltr'>adeundus</span> <span class='ocrx_word' id='word_1_178' title='bbox 955 1393 1021 1421; x_wconf 88' lang='lat' dir='ltr'>est.</span> 
     </span>
    </p>
   </div>
   <div class='ocr_carea' id='block_1_2' title="bbox 331 1511 2045 1834">
    <p class='ocr_par' dir='ltr' id='par_1_3' title="bbox 331 1511 2045 1834">
     <span class='ocr_line' id='line_1_18' title="bbox 421 1511 2045 1554; baseline -0.001 -10"><span class='ocrx_word' id='word_1_179' title='bbox 421 1514 577 1544; x_wconf 89' lang='lat' dir='ltr'>Hutteni</span> <span class='ocrx_word' id='word_1_180' title='bbox 604 1513 648 1544; x_wconf 88' lang='lat' dir='ltr'>ad</span> <span class='ocrx_word' id='word_1_181' title='bbox 673 1513 895 1543; x_wconf 86' lang='lat' dir='ltr'>Henrichum</span> <span class='ocrx_word' id='word_1_182' title='bbox 922 1512 1142 1544; x_wconf 80' lang='lat' dir='ltr'>Stromerum</span> <span class='ocrx_word' id='word_1_183' title='bbox 1167 1513 1338 1554; x_wconf 62' lang='lat' dir='ltr'>praefatio</span> <span class='ocrx_word' id='word_1_184' title='bbox 1365 1515 1401 1543; x_wconf 88' lang='lat' dir='ltr'>et</span> <span class='ocrx_word' id='word_1_185' title='bbox 1426 1512 1574 1543; x_wconf 87' lang='lat' dir='ltr'>Ioannis</span> <span class='ocrx_word' id='word_1_186' title='bbox 1599 1511 1774 1543; x_wconf 83' lang='lat' dir='ltr'>Frobenii</span> <span class='ocrx_word' id='word_1_187' title='bbox 1801 1512 1846 1543; x_wconf 89' lang='lat' dir='ltr'>ad</span> <span class='ocrx_word' id='word_1_188' title='bbox 1870 1511 2045 1543; x_wconf 86' lang='lat' dir='ltr'>Thomam</span> 
     </span>
     <span class='ocr_line' id='line_1_19' title="bbox 331 1568 2042 1609; baseline 0 -9"><span class='ocrx_word' id='word_1_189' title='bbox 331 1571 469 1600; x_wconf 88' lang='lat' dir='ltr'>Morum</span> <span class='ocrx_word' id='word_1_190' title='bbox 502 1569 624 1599; x_wconf 87' lang='lat' dir='ltr'>Idibus</span> <span class='ocrx_word' id='word_1_191' title='bbox 655 1569 919 1600; x_wconf 77' lang='lat' dir='ltr'>Novembribus</span> <span class='ocrx_word' id='word_1_192' title='bbox 951 1580 985 1600; x_wconf 82' lang='lat' dir='ltr'>a.</span> <span class='ocrx_word' id='word_1_193' title='bbox 1014 1568 1109 1600; x_wconf 73' lang='lat'>1518.</span> <span class='ocrx_word' id='word_1_194' title='bbox 1144 1569 1282 1609; x_wconf 86' lang='lat' dir='ltr'>scripta</span> <span class='ocrx_word' id='word_1_195' title='bbox 1315 1568 1473 1609; x_wconf 82' lang='lat' dir='ltr'>epistula</span> <span class='ocrx_word' id='word_1_196' title='bbox 1510 1578 1573 1599; x_wconf 91' lang='lat' dir='ltr'>suo</span> <span class='ocrx_word' id='word_1_197' title='bbox 1615 1578 1765 1608; x_wconf 82' lang='lat' dir='ltr'>quaeque</span> <span class='ocrx_word' id='word_1_198' title='bbox 1797 1568 1878 1599; x_wconf 88' lang='lat' dir='ltr'>loco</span> <span class='ocrx_word' id='word_1_199' title='bbox 1917 1568 1987 1599; x_wconf 89' lang='lat' dir='ltr'>vol.</span> <span class='ocrx_word' id='word_1_200' title='bbox 2014 1569 2042 1600; x_wconf 92' lang='grc' dir='ltr'>Ι.</span> 
     </span>
     <span class='ocr_line' id='line_1_20' title="bbox 333 1624 2045 1666; baseline -0.001 -10"><span class='ocrx_word' id='word_1_201' title='bbox 333 1626 432 1656; x_wconf 85' lang='lat' dir='ltr'>edita</span> <span class='ocrx_word' id='word_1_202' title='bbox 459 1629 524 1656; x_wconf 85' lang='lat' dir='ltr'>est.</span> <span class='ocrx_word' id='word_1_203' title='bbox 570 1636 604 1666; x_wconf 87' lang='lat' dir='ltr'>p.</span> <span class='ocrx_word' id='word_1_204' title='bbox 624 1624 699 1656; x_wconf 78' lang='lat'>217.</span> <span class='ocrx_word' id='word_1_205' title='bbox 720 1635 795 1666; x_wconf 85' lang='lat' dir='ltr'>sqq.</span> <span class='ocrx_word' id='word_1_206' title='bbox 821 1624 898 1655; x_wconf 79' lang='lat'>220.</span> <span class='ocrx_word' id='word_1_207' title='bbox 918 1636 969 1666; x_wconf 88' lang='lat' dir='ltr'>sq.</span> <span class='ocrx_word' id='word_1_208' title='bbox 1025 1625 1189 1655; x_wconf 80' lang='lat' dir='ltr'>Exeunte</span> <span class='ocrx_word' id='word_1_209' title='bbox 1217 1634 1339 1655; x_wconf 86' lang='lat' dir='ltr'>mense</span> <span class='ocrx_word' id='word_1_210' title='bbox 1364 1624 1527 1665; x_wconf 73' lang='lat' dir='ltr'>Augusto</span> <span class='ocrx_word' id='word_1_211' title='bbox 1552 1624 1645 1655; x_wconf 90' lang='lat' dir='ltr'>hunc</span> <span class='ocrx_word' id='word_1_212' title='bbox 1673 1624 1857 1666; x_wconf 82' lang='lat' dir='ltr'>dialogum</span> <span class='ocrx_word' id='word_1_213' title='bbox 1888 1625 2045 1656; x_wconf 88' lang='lat' dir='ltr'>nondum</span> 
     </span>
     <span class='ocr_line' id='line_1_21' title="bbox 331 1680 2044 1723; baseline 0 -12"><span class='ocrx_word' id='word_1_214' title='bbox 331 1681 555 1723; x_wconf 87' lang='lat' dir='ltr'>publicatum</span> <span class='ocrx_word' id='word_1_215' title='bbox 583 1680 694 1711; x_wconf 84' lang='lat' dir='ltr'>fuisse</span> <span class='ocrx_word' id='word_1_216' title='bbox 733 1681 893 1712; x_wconf 87' lang='lat' dir='ltr'>ostendit</span> <span class='ocrx_word' id='word_1_217' title='bbox 919 1681 1096 1723; x_wconf 79' lang='lat' dir='ltr'>Spicgelii</span> <span class='ocrx_word' id='word_1_218' title='bbox 1129 1681 1174 1711; x_wconf 88' lang='lat' dir='ltr'>ad</span> <span class='ocrx_word' id='word_1_219' title='bbox 1199 1681 1388 1711; x_wconf 81' lang='lat' dir='ltr'>Erasmum</span> <span class='ocrx_word' id='word_1_220' title='bbox 1414 1680 1494 1711; x_wconf 81' lang='lat' dir='ltr'>Rot.</span> <span class='ocrx_word' id='word_1_221' title='bbox 1528 1680 1645 1722; x_wconf 89' lang='lat' dir='ltr'>pridie</span> <span class='ocrx_word' id='word_1_222' title='bbox 1670 1680 1857 1711; x_wconf 85' lang='lat' dir='ltr'>Kalendas</span> <span class='ocrx_word' id='word_1_223' title='bbox 1883 1680 2044 1721; x_wconf 83' lang='lat' dir='ltr'>Septem-</span> 
     </span>
     <span class='ocr_line' id='line_1_22' title="bbox 331 1735 2044 1778; baseline 0.001 -11"><span class='ocrx_word' id='word_1_224' title='bbox 331 1737 414 1768; x_wconf 84' lang='lat' dir='ltr'>bres</span> <span class='ocrx_word' id='word_1_225' title='bbox 441 1748 472 1768; x_wconf 88' lang='lat' dir='ltr'>a.</span> <span class='ocrx_word' id='word_1_226' title='bbox 496 1735 590 1768; x_wconf 79' lang='lat'>1518.</span> <span class='ocrx_word' id='word_1_227' title='bbox 619 1737 755 1778; x_wconf 84' lang='lat' dir='ltr'>scripta</span> <span class='ocrx_word' id='word_1_228' title='bbox 783 1737 959 1778; x_wconf 77' lang='lat' dir='ltr'>epistula,</span> <span class='ocrx_word' id='word_1_229' title='bbox 988 1747 1093 1778; x_wconf 88' lang='lat' dir='ltr'>quam</span> <span class='ocrx_word' id='word_1_230' title='bbox 1119 1737 1189 1768; x_wconf 76' lang='lat' dir='ltr'>vol.</span> <span class='ocrx_word' id='word_1_231' title='bbox 1210 1737 1238 1767; x_wconf 93' lang='grc' dir='ltr'>Ι.</span> <span class='ocrx_word' id='word_1_232' title='bbox 1266 1737 1361 1767; x_wconf 91' lang='lat' dir='ltr'>inter</span> <span class='ocrx_word' id='word_1_233' title='bbox 1384 1737 1560 1767; x_wconf 82' lang='lat' dir='ltr'>LXXXV.</span> <span class='ocrx_word' id='word_1_234' title='bbox 1590 1740 1626 1768; x_wconf 88' lang='lat' dir='ltr'>et</span> <span class='ocrx_word' id='word_1_235' title='bbox 1650 1736 1845 1767; x_wconf 78' lang='lat' dir='ltr'>LXXXVI.</span> <span class='ocrx_word' id='word_1_236' title='bbox 1874 1736 2044 1768; x_wconf 79' lang='lat' dir='ltr'>exhibere</span> 
     </span>
     <span class='ocr_line' id='line_1_23' title="bbox 333 1792 2043 1834; baseline -0.001 -10"><span class='ocrx_word' id='word_1_237' title='bbox 333 1793 572 1833; x_wconf 82' lang='lat' dir='ltr'>debebamus,</span> <span class='ocrx_word' id='word_1_238' title='bbox 600 1793 652 1824; x_wconf 81' lang='lat' dir='ltr'>ibi</span> <span class='ocrx_word' id='word_1_239' title='bbox 676 1804 762 1825; x_wconf 75' lang='lat' dir='ltr'>vero</span> <span class='ocrx_word' id='word_1_240' title='bbox 788 1794 958 1825; x_wconf 84' lang='lat' dir='ltr'>omissam</span> <span class='ocrx_word' id='word_1_241' title='bbox 984 1804 1078 1824; x_wconf 81' lang='lat' dir='ltr'>nunc</span> <span class='ocrx_word' id='word_1_242' title='bbox 1104 1793 1201 1824; x_wconf 87' lang='lat' dir='ltr'>infra</span> <span class='ocrx_word' id='word_1_243' title='bbox 1227 1796 1311 1834; x_wconf 86' lang='lat' dir='ltr'>apto</span> <span class='ocrx_word' id='word_1_244' title='bbox 1331 1792 1451 1834; x_wconf 86' lang='lat' dir='ltr'>aliquo</span> <span class='ocrx_word' id='word_1_245' title='bbox 1468 1792 1548 1824; x_wconf 90' lang='lat' dir='ltr'>loco</span> <span class='ocrx_word' id='word_1_246' title='bbox 1568 1793 1804 1834; x_wconf 86' lang='lat' dir='ltr'>repetendam</span> <span class='ocrx_word' id='word_1_247' title='bbox 1824 1793 2043 1825; x_wconf 83' lang='lat' dir='ltr'>curabimus.</span> 
     </span>
    </p>
   </div>
   <div class='ocr_carea' id='block_1_3' title="bbox 333 1972 2047 2730">
    <p class='ocr_par' dir='ltr' id='par_1_4' title="bbox 333 1972 2047 2730">
     <span class='ocr_line' id='line_1_24' title="bbox 422 1972 2047 2014; baseline 0.001 -11"><span class='ocrx_word' id='word_1_248' title='bbox 422 1973 476 2003; x_wconf 79' lang='lat' dir='ltr'>Ad</span> <span class='ocrx_word' id='word_1_249' title='bbox 500 1973 595 2004; x_wconf 88' lang='lat' dir='ltr'>hunc</span> <span class='ocrx_word' id='word_1_250' title='bbox 621 1972 803 2014; x_wconf 78' lang='lat' dir='ltr'>dialogum</span> <span class='ocrx_word' id='word_1_251' title='bbox 829 1974 986 2004; x_wconf 86' lang='lat' dir='ltr'>Hutteni</span> <span class='ocrx_word' id='word_1_252' title='bbox 1011 1974 1169 2004; x_wconf 85' lang='lat' dir='ltr'>Lueiani</span> <span class='ocrx_word' id='word_1_253' title='bbox 1195 1973 1416 2004; x_wconf 84' lang='lat' dir='ltr'>declamatio</span> <span class='ocrx_word' id='word_1_254' title='bbox 1443 1983 1520 2013; x_wconf 81' lang='lat' dir='ltr'>quae</span> <span class='ocrx_word' id='word_1_255' title='bbox 1553 1976 1592 2003; x_wconf 90' lang='lat' dir='ltr'>ut</span> <span class='ocrx_word' id='word_1_256' title='bbox 1624 1973 1719 2014; x_wconf 88' lang='lat' dir='ltr'>apud</span> <span class='ocrx_word' id='word_1_257' title='bbox 1743 1984 1807 2004; x_wconf 92' lang='lat' dir='ltr'>nos</span> <span class='ocrx_word' id='word_1_258' title='bbox 1841 1972 1928 2013; x_wconf 85' lang='lat' dir='ltr'>(nisi</span> <span class='ocrx_word' id='word_1_259' title='bbox 1955 1973 2047 2014; x_wconf 89' lang='lat' dir='ltr'>quod</span> 
     </span>
     <span class='ocr_line' id='line_1_25' title="bbox 333 2028 2045 2069; baseline 0.001 -10"><span class='ocrx_word' id='word_1_260' title='bbox 333 2028 478 2059; x_wconf 84' lang='lat' dir='ltr'>Febrim</span> <span class='ocrx_word' id='word_1_261' title='bbox 497 2028 523 2058; x_wconf 96' lang='lat' dir='ltr'>I.</span> <span class='ocrx_word' id='word_1_262' title='bbox 543 2028 841 2069; x_wconf 81' lang='lat' dir='ltr'>interposuimus)</span> <span class='ocrx_word' id='word_1_263' title='bbox 875 2030 1111 2061; x_wconf 86' lang='lat' dir='ltr'>Huttenicum</span> <span class='ocrx_word' id='word_1_264' title='bbox 1138 2029 1404 2061; x_wconf 87' lang='lat' dir='ltr'>Phalarismum</span> <span class='ocrx_word' id='word_1_265' title='bbox 1429 2029 1622 2064; x_wconf 73' lang='lat' dir='ltr'>Misaulus,</span> <span class='ocrx_word' id='word_1_266' title='bbox 1657 2030 1710 2060; x_wconf 85' lang='lat' dir='ltr'>ita</span> <span class='ocrx_word' id='word_1_267' title='bbox 1742 2030 1779 2060; x_wconf 91' lang='lat' dir='ltr'>in</span> <span class='ocrx_word' id='word_1_268' title='bbox 1804 2030 1961 2060; x_wconf 90' lang='lat' dir='ltr'>Luciani</span> <span class='ocrx_word' id='word_1_269' title='bbox 1987 2040 2045 2061; x_wconf 79' lang='lat' dir='ltr'>ex-</span> 
     </span>
     <span class='ocr_line' id='line_1_26' title="bbox 335 2078 2047 2126; baseline 0.001 -12"><span class='ocrx_word' id='word_1_270' title='bbox 335 2084 462 2125; x_wconf 89' lang='lat' dir='ltr'>emplis</span> <span class='ocrx_word' id='word_1_271' title='bbox 488 2084 697 2123; x_wconf 70' lang='lat' dir='ltr'>Tyrannum</span> <span class='ocrx_word' id='word_1_272' title='bbox 722 2086 899 2126; x_wconf 84' lang='lat' dir='ltr'>sequitur,</span> <span class='ocrx_word' id='word_1_273' title='bbox 934 2096 953 2116; x_wconf 93' lang='lat' dir='ltr'>a</span> <span class='ocrx_word' id='word_1_274' title='bbox 980 2086 1161 2117; x_wconf 73' lang='lat' dir='ltr'>Frobenio</span> <span class='ocrx_word' id='word_1_275' title='bbox 1188 2086 1260 2116; x_wconf 86' lang='lat' dir='ltr'>iam</span> <span class='ocrx_word' id='word_1_276' title='bbox 1286 2085 1539 2116; x_wconf 84' lang='lat' dir='ltr'>commendata</span> <span class='ocrx_word' id='word_1_277' title='bbox 1562 2084 1762 2116; x_wconf 87' lang='lat' dir='ltr'>lectoribus</span> <span class='ocrx_word' id='word_1_278' title='bbox 1789 2082 1884 2126; x_wconf 79' lang='grc' dir='ltr'><em>Περὶ</em></span> <span class='ocrx_word' id='word_1_279' title='bbox 1908 2084 1982 2116; x_wconf 77' lang='grc' dir='ltr'>τῶν</span> <span class='ocrx_word' id='word_1_280' title='bbox 2007 2078 2047 2116; x_wconf 71' lang='grc' dir='ltr'>ἓν</span> 
     </span>
     <span class='ocr_line' id='line_1_27' title="bbox 333 2136 2046 2181; baseline 0.001 -11"><span class='ocrx_word' id='word_1_281' title='bbox 333 2138 459 2181; x_wconf 75' lang='grc' dir='ltr'><em>μισθῷ</em></span> <span class='ocrx_word' id='word_1_282' title='bbox 485 2136 689 2177; x_wconf 78' lang='grc' dir='ltr'><em>συνόντων,</em></span> <span class='ocrx_word' id='word_1_283' title='bbox 718 2144 753 2171; x_wconf 85' lang='lat' dir='ltr'>et</span> <span class='ocrx_word' id='word_1_284' title='bbox 771 2142 904 2172; x_wconf 72' lang='lat' dir='ltr'>Aeneae</span> <span class='ocrx_word' id='word_1_285' title='bbox 924 2141 1038 2181; x_wconf 56' lang='lat' dir='ltr'>»Sylvii</span> <span class='ocrx_word' id='word_1_286' title='bbox 1056 2141 1202 2172; x_wconf 85' lang='lat' dir='ltr'>libellus</span> <span class='ocrx_word' id='word_1_287' title='bbox 1228 2142 1265 2172; x_wconf 89' lang='lat' dir='ltr'>in</span> <span class='ocrx_word' id='word_1_288' title='bbox 1291 2141 1416 2172; x_wconf 85' lang='lat' dir='ltr'>Indice</span> <span class='ocrx_word' id='word_1_289' title='bbox 1442 2144 1565 2172; x_wconf 84' lang='lat' dir='ltr'>nostro</span> <span class='ocrx_word' id='word_1_290' title='bbox 1590 2151 1624 2171; x_wconf 90' lang='lat' dir='ltr'>n.</span> <span class='ocrx_word' id='word_1_291' title='bbox 1643 2141 1758 2172; x_wconf 76' lang='lat' dir='ltr'>XVII.</span> <span class='ocrx_word' id='word_1_292' title='bbox 1786 2141 1822 2172; x_wconf 90' lang='lat' dir='ltr'>in</span> <span class='ocrx_word' id='word_1_293' title='bbox 1848 2142 1872 2172; x_wconf 87' lang='lat' dir='ltr'>f.</span> <span class='ocrx_word' id='word_1_294' title='bbox 1894 2141 2046 2173; x_wconf 82' lang='lat' dir='ltr'>adcura-</span> 
     </span>
     <span class='ocr_line' id='line_1_28' title="bbox 334 2195 2047 2238; baseline 0.001 -12"><span class='ocrx_word' id='word_1_295' title='bbox 334 2196 406 2226; x_wconf 94' lang='lat' dir='ltr'>tius</span> <span class='ocrx_word' id='word_1_296' title='bbox 432 2195 636 2236; x_wconf 82' lang='lat' dir='ltr'>descriptus</span> <span class='ocrx_word' id='word_1_297' title='bbox 660 2197 802 2227; x_wconf 85' lang='lat' dir='ltr'>utiliter</span> <span class='ocrx_word' id='word_1_298' title='bbox 835 2198 1142 2238; x_wconf 86' lang='lat' dir='ltr'>conparabuntur.</span> <span class='ocrx_word' id='word_1_299' title='bbox 1192 2208 1235 2228; x_wconf 84' lang='lat' dir='ltr'>ex</span> <span class='ocrx_word' id='word_1_300' title='bbox 1268 2197 1332 2228; x_wconf 89' lang='lat' dir='ltr'>illa</span> <span class='ocrx_word' id='word_1_301' title='bbox 1366 2197 1509 2238; x_wconf 86' lang='lat' dir='ltr'>quidem</span> <span class='ocrx_word' id='word_1_302' title='bbox 1542 2200 1656 2227; x_wconf 89' lang='lat' dir='ltr'>totum</span> <span class='ocrx_word' id='word_1_303' title='bbox 1682 2197 1830 2228; x_wconf 85' lang='lat' dir='ltr'>Misauli</span> <span class='ocrx_word' id='word_1_304' title='bbox 1862 2197 2047 2228; x_wconf 90' lang='lat' dir='ltr'>scribendi</span> 
     </span>
     <span class='ocr_line' id='line_1_29' title="bbox 335 2252 2047 2295; baseline 0.001 -12"><span class='ocrx_word' id='word_1_305' title='bbox 335 2262 447 2293; x_wconf 84' lang='lat' dir='ltr'>genus</span> <span class='ocrx_word' id='word_1_306' title='bbox 475 2255 510 2283; x_wconf 91' lang='lat' dir='ltr'>et</span> <span class='ocrx_word' id='word_1_307' title='bbox 536 2252 640 2292; x_wconf 89' lang='lat' dir='ltr'>quasi</span> <span class='ocrx_word' id='word_1_308' title='bbox 673 2252 887 2294; x_wconf 78' lang='lat' dir='ltr'>adparatus,</span> <span class='ocrx_word' id='word_1_309' title='bbox 928 2264 970 2284; x_wconf 83' lang='lat' dir='ltr'>ex</span> <span class='ocrx_word' id='word_1_310' title='bbox 1002 2254 1069 2285; x_wconf 88' lang='lat' dir='ltr'>hoc</span> <span class='ocrx_word' id='word_1_311' title='bbox 1102 2254 1215 2295; x_wconf 87' lang='lat' dir='ltr'>ipsius</span> <span class='ocrx_word' id='word_1_312' title='bbox 1248 2253 1536 2284; x_wconf 84' lang='lat' dir='ltr'>adumbrationis</span> <span class='ocrx_word' id='word_1_313' title='bbox 1568 2263 1638 2283; x_wconf 82' lang='lat' dir='ltr'>non</span> <span class='ocrx_word' id='word_1_314' title='bbox 1670 2252 1778 2284; x_wconf 81' lang='lat' dir='ltr'>nullae</span> <span class='ocrx_word' id='word_1_315' title='bbox 1810 2257 1935 2295; x_wconf 89' lang='lat' dir='ltr'>partes</span> <span class='ocrx_word' id='word_1_316' title='bbox 1968 2263 2047 2294; x_wconf 83' lang='lat' dir='ltr'>quae</span> 
     </span>
     <span class='ocr_line' id='line_1_30' title="bbox 334 2307 2045 2350; baseline 0.001 -12"><span class='ocrx_word' id='word_1_317' title='bbox 334 2307 455 2349; x_wconf 88' lang='lat' dir='ltr'>paullo</span> <span class='ocrx_word' id='word_1_318' title='bbox 483 2308 684 2349; x_wconf 84' lang='lat' dir='ltr'>apertiores</span> <span class='ocrx_word' id='word_1_319' title='bbox 712 2318 754 2339; x_wconf 82' lang='lat' dir='ltr'>ac</span> <span class='ocrx_word' id='word_1_320' title='bbox 782 2308 858 2339; x_wconf 86' lang='lat' dir='ltr'>fere</span> <span class='ocrx_word' id='word_1_321' title='bbox 891 2310 1090 2340; x_wconf 82' lang='lat' dir='ltr'>crassiores</span> <span class='ocrx_word' id='word_1_322' title='bbox 1117 2320 1222 2350; x_wconf 89' lang='lat' dir='ltr'>quam</span> <span class='ocrx_word' id='word_1_323' title='bbox 1248 2310 1491 2341; x_wconf 84' lang='lat' dir='ltr'>recentiorum</span> <span class='ocrx_word' id='word_1_324' title='bbox 1516 2319 1653 2340; x_wconf 91' lang='lat' dir='ltr'>morum</span> <span class='ocrx_word' id='word_1_325' title='bbox 1686 2308 1883 2350; x_wconf 69' lang='lat' dir='ltr'>elegantiae</span> <span class='ocrx_word' id='word_1_326' title='bbox 1913 2309 2045 2348; x_wconf 85' lang='lat' dir='ltr'>ferant,</span> 
     </span>
     <span class='ocr_line' id='line_1_31' title="bbox 334 2363 2046 2406; baseline 0.001 -12"><span class='ocrx_word' id='word_1_327' title='bbox 334 2363 511 2395; x_wconf 88' lang='lat' dir='ltr'>mollioris</span> <span class='ocrx_word' id='word_1_328' title='bbox 543 2364 649 2394; x_wconf 91' lang='lat' dir='ltr'>huius</span> <span class='ocrx_word' id='word_1_329' title='bbox 682 2365 803 2395; x_wconf 77' lang='lat' dir='ltr'>aetatis</span> <span class='ocrx_word' id='word_1_330' title='bbox 833 2364 1038 2395; x_wconf 88' lang='lat' dir='ltr'>hominibus</span> <span class='ocrx_word' id='word_1_331' title='bbox 1070 2366 1186 2396; x_wconf 78' lang='lat' dir='ltr'>videri</span> <span class='ocrx_word' id='word_1_332' title='bbox 1212 2366 1367 2406; x_wconf 87' lang='lat' dir='ltr'>possint,</span> <span class='ocrx_word' id='word_1_333' title='bbox 1409 2365 1629 2396; x_wconf 88' lang='lat' dir='ltr'>commodius</span> <span class='ocrx_word' id='word_1_334' title='bbox 1661 2365 1869 2406; x_wconf 86' lang='lat' dir='ltr'>rectiusque</span> <span class='ocrx_word' id='word_1_335' title='bbox 1902 2364 2046 2396; x_wconf 86' lang='lat' dir='ltr'>intelle-</span> 
     </span>
     <span class='ocr_line' id='line_1_32' title="bbox 335 2419 2046 2462; baseline 0.001 -12"><span class='ocrx_word' id='word_1_336' title='bbox 335 2423 475 2461; x_wconf 85' lang='lat' dir='ltr'>gentur.</span> <span class='ocrx_word' id='word_1_337' title='bbox 524 2420 578 2450; x_wconf 85' lang='lat' dir='ltr'>Ex</span> <span class='ocrx_word' id='word_1_338' title='bbox 603 2419 765 2449; x_wconf 71' lang='lat' dir='ltr'>Athenoei</span> <span class='ocrx_word' id='word_1_339' title='bbox 791 2419 1100 2462; x_wconf 86' lang='lat' dir='ltr'>deipnosophistis</span> <span class='ocrx_word' id='word_1_340' title='bbox 1127 2422 1316 2462; x_wconf 53' lang='lat' dir='ltr'>[imprimis</span> <span class='ocrx_word' id='word_1_341' title='bbox 1334 2422 1395 2452; x_wconf 72' lang='lat' dir='ltr'>VI.</span> <span class='ocrx_word' id='word_1_342' title='bbox 1415 2422 1469 2453; x_wconf 84' lang='lat'>27.</span> <span class='ocrx_word' id='word_1_343' title='bbox 1489 2420 1581 2462; x_wconf 76' lang='lat' dir='ltr'>sqq.)</span> <span class='ocrx_word' id='word_1_344' title='bbox 1607 2420 1737 2459; x_wconf 88' lang='lat' dir='ltr'>multa,</span> <span class='ocrx_word' id='word_1_345' title='bbox 1765 2424 1804 2451; x_wconf 85' lang='lat' dir='ltr'>ut</span> <span class='ocrx_word' id='word_1_346' title='bbox 1830 2421 1875 2451; x_wconf 86' lang='lat' dir='ltr'>ad</span> <span class='ocrx_word' id='word_1_347' title='bbox 1895 2421 2046 2462; x_wconf 82' lang='lat' dir='ltr'>exempl.</span> 
     </span>
     <span class='ocr_line' id='line_1_33' title="bbox 334 2474 2047 2518; baseline 0 -11"><span class='ocrx_word' id='word_1_348' title='bbox 334 2479 365 2507; x_wconf 84' lang='lat'>5.</span> <span class='ocrx_word' id='word_1_349' title='bbox 392 2474 565 2506; x_wconf 89' lang='lat' dir='ltr'>nonnulla</span> <span class='ocrx_word' id='word_1_350' title='bbox 584 2475 783 2517; x_wconf 79' lang='lat' dir='ltr'>supplevit,</span> <span class='ocrx_word' id='word_1_351' title='bbox 812 2481 1033 2517; x_wconf 85' lang='lat' dir='ltr'>sumpturum</span> <span class='ocrx_word' id='word_1_352' title='bbox 1052 2478 1166 2508; x_wconf 85' lang='lat' dir='ltr'>fuisse</span> <span class='ocrx_word' id='word_1_353' title='bbox 1193 2482 1396 2511; x_wconf 81' lang='lat' dir='ltr'>auctorem,</span> <span class='ocrx_word' id='word_1_354' title='bbox 1424 2479 1455 2509; x_wconf 91' lang='lat' dir='ltr'>si</span> <span class='ocrx_word' id='word_1_355' title='bbox 1482 2488 1549 2518; x_wconf 91' lang='lat' dir='ltr'>quo</span> <span class='ocrx_word' id='word_1_356' title='bbox 1568 2481 1728 2518; x_wconf 87' lang='lat' dir='ltr'>tempore</span> <span class='ocrx_word' id='word_1_357' title='bbox 1747 2477 1942 2508; x_wconf 85' lang='lat' dir='ltr'>Misaulum</span> <span class='ocrx_word' id='word_1_358' title='bbox 1959 2478 2047 2508; x_wconf 88' lang='lat' dir='ltr'>scri-</span> 
     </span>
     <span class='ocr_line' id='line_1_34' title="bbox 333 2531 2047 2574; baseline 0.001 -12"><span class='ocrx_word' id='word_1_359' title='bbox 333 2532 422 2573; x_wconf 82' lang='lat' dir='ltr'>psit,</span> <span class='ocrx_word' id='word_1_360' title='bbox 463 2531 673 2562; x_wconf 82' lang='lat' dir='ltr'>adcuratius</span> <span class='ocrx_word' id='word_1_361' title='bbox 707 2532 889 2573; x_wconf 78' lang='lat' dir='ltr'>cognitum</span> <span class='ocrx_word' id='word_1_362' title='bbox 922 2533 1123 2572; x_wconf 83' lang='lat' dir='ltr'>habuisset,</span> <span class='ocrx_word' id='word_1_363' title='bbox 1152 2532 1349 2564; x_wconf 81' lang='lat' dir='ltr'>mihi‘dum</span> <span class='ocrx_word' id='word_1_364' title='bbox 1373 2533 1504 2564; x_wconf 85' lang='lat' dir='ltr'>librum</span> <span class='ocrx_word' id='word_1_365' title='bbox 1536 2543 1710 2564; x_wconf 85' lang='lat' dir='ltr'>recenseo</span> <span class='ocrx_word' id='word_1_366' title='bbox 1742 2543 1953 2574; x_wconf 88' lang='lat' dir='ltr'>persuasum</span> <span class='ocrx_word' id='word_1_367' title='bbox 1972 2537 2047 2569; x_wconf 82' lang='lat' dir='ltr'>est.</span> 
     </span>
     <span class='ocr_line' id='line_1_35' title="bbox 333 2587 2046 2628; baseline 0.002 -11"><span class='ocrx_word' id='word_1_368' title='bbox 333 2588 446 2618; x_wconf 81' lang='lat' dir='ltr'>Miror</span> <span class='ocrx_word' id='word_1_369' title='bbox 478 2588 590 2618; x_wconf 86' lang='lat' dir='ltr'>etiam</span> <span class='ocrx_word' id='word_1_370' title='bbox 621 2591 695 2618; x_wconf 87' lang='lat' dir='ltr'>tum</span> <span class='ocrx_word' id='word_1_371' title='bbox 720 2587 908 2619; x_wconf 87' lang='lat' dir='ltr'>Plutarchi</span> <span class='ocrx_word' id='word_1_372' title='bbox 941 2591 1237 2620; x_wconf 87' lang='lat' dir='ltr'>commentarium</span> <span class='ocrx_word' id='word_1_373' title='bbox 1271 2591 1320 2620; x_wconf 83' lang='lat' dir='ltr'>De</span> <span class='ocrx_word' id='word_1_374' title='bbox 1350 2590 1439 2621; x_wconf 78' lang='lat' dir='ltr'>adul.</span> <span class='ocrx_word' id='word_1_375' title='bbox 1475 2589 1512 2628; x_wconf 89' lang='lat' dir='ltr'>(i.</span> <span class='ocrx_word' id='word_1_376' title='bbox 1541 2600 1571 2621; x_wconf 84' lang='lat' dir='ltr'>e.</span> <span class='ocrx_word' id='word_1_377' title='bbox 1599 2589 1782 2628; x_wconf 82' lang='lat' dir='ltr'>Quomodo</span> <span class='ocrx_word' id='word_1_378' title='bbox 1809 2589 1977 2620; x_wconf 84' lang='lat' dir='ltr'>adulator</span> <span class='ocrx_word' id='word_1_379' title='bbox 2002 2589 2046 2620; x_wconf 85' lang='lat' dir='ltr'>ab</span> 
     </span>
     <span class='ocr_line' id='line_1_36' title="bbox 335 2643 2047 2687; baseline 0.001 -13"><span class='ocrx_word' id='word_1_380' title='bbox 335 2644 453 2675; x_wconf 86' lang='lat' dir='ltr'>amico</span> <span class='ocrx_word' id='word_1_381' title='bbox 480 2643 679 2675; x_wconf 88' lang='lat' dir='ltr'>internosci</span> <span class='ocrx_word' id='word_1_382' title='bbox 704 2644 833 2684; x_wconf 75' lang='lat' dir='ltr'>possit)</span> <span class='ocrx_word' id='word_1_383' title='bbox 866 2648 940 2674; x_wconf 87' lang='lat' dir='ltr'>tum</span> <span class='ocrx_word' id='word_1_384' title='bbox 965 2646 1122 2676; x_wconf 87' lang='lat' dir='ltr'>Luciani</span> <span class='ocrx_word' id='word_1_385' title='bbox 1154 2645 1196 2676; x_wconf 91' lang='lat' dir='ltr'>de</span> <span class='ocrx_word' id='word_1_386' title='bbox 1230 2646 1393 2687; x_wconf 86' lang='lat' dir='ltr'>parasito</span> <span class='ocrx_word' id='word_1_387' title='bbox 1425 2645 1607 2687; x_wconf 85' lang='lat' dir='ltr'>dialogum</span> <span class='ocrx_word' id='word_1_388' title='bbox 1639 2646 1700 2676; x_wconf 83' lang='lat' dir='ltr'>vix</span> <span class='ocrx_word' id='word_1_389' title='bbox 1733 2645 1934 2676; x_wconf 84' lang='lat' dir='ltr'>adhibitum</span> <span class='ocrx_word' id='word_1_390' title='bbox 1968 2655 2047 2676; x_wconf 88' lang='lat' dir='ltr'>esse</span> 
     </span>
     <span class='ocr_line' id='line_1_37' title="bbox 336 2699 581 2730; baseline 0 0"><span class='ocrx_word' id='word_1_391' title='bbox 336 2699 380 2730; x_wconf 86' lang='lat' dir='ltr'>ab</span> <span class='ocrx_word' id='word_1_392' title='bbox 406 2700 581 2730; x_wconf 82' lang='lat' dir='ltr'>Hutteno.</span> 
     </span>
    </p>
   </div>
  </div>
 </body>
</html>
