2101 3512
192 472 213 501 §,
229 471 266 497 10,

280 233 374 278 520
854 246 1008 267 DIALOGI
1036 244 1393 266 rsm'nonvr'rnxici.

1852 293 1858 309 ἱ

281 354 568 402 chiepiscopum‘?
607 352 636 386 is
669 350 759 386 enim
790 355 829 384 ut
860 355 915 384 est
945 348 1112 396 princeps
1143 346 1437 386 humanissimus,
1482 346 1546 381 tibi
1577 358 1661 382 suos
1692 358 1763 382 non
1793 347 1983 394 denegabit

282 411 453 447 medicos,
487 413 522 442 et
553 407 581 441 si
613 405 743 441 Ritium
776 405 891 452 ipsum
921 402 1175 451 expostulabis.

363 463 538 499 Eccins.
589 461 746 496 Ritium'?
785 471 897 507 apage
928 471 945 493 a
976 470 1029 493 me
1061 458 1256 497 hominem,
1296 456 1476 493 aculeatus
1509 462 1582 497 est,
1623 462 1659 492 et
1696 469 1751 493 nie
1789 457 1854 493 sub
1889 458 1983 493 cani-

279 519 366 556 eulze
399 523 515 553 ortum
548 517 760 563 «plaudoque
791 521 973 549 araturum
1005 514 1189 560 praedixit3
1230 513 1315 560 quin
1346 518 1385 548 ut
1415 513 1542 548 ewluin
1573 525 1675 548 suum
1705 513 1823 560 aliqua
1853 513 1983 548 anima-

280 580 333 610 ret
365 574 497 612 anima,
530 571 749 619 perlibenter
779 571 929 605 animam
961 569 1046 604 mibi
1076 570 1251 617 eriperet,
1284 574 1323 604 ut
1352 569 1421 604 hoc
1452 568 1511 604 illa
1542 568 1724 604 animaret.
1999 580 2015 603 5

193 1308 269 1337 MS.

362 630 489 664 Puer.
541 627 690 674 Egregie
730 627 893 673 profecto
933 637 1011 661 eum
1051 625 1190 672 superis
1231 629 1416 671 ageretur,
1462 624 1522 659 ubi
1568 624 1681 659 anima
1727 624 1983 659 sordidissimis

282 686 387 732 digna
418 683 557 718 latrinis
588 694 777 730 supernam
809 687 951 729 regeret
982 681 1189 731 machinam.

364 739 518 775 Amici.
569 739 676 773 Proin
708 750 785 773 cum
819 743 854 772 ιιι
878 737 1008 772 Ritium
1041 737 1272 775 abominaris,
1306 747 1388 783 age,
1421 737 1617 782 Augustam
1639 735 1679 771 ad
1702 736 1852 771 amicum
1876 741 1985 774 tuum,

281 796 488 844 opulentum
521 794 618 829 illum
650 795 845 830 scribemus
876 798 1129 829 mercatorem:
1174 793 1202 827 is
1234 792 1325 827 enim
1358 803 1400 827 ne
1441 791 1572 827 delitiie
1612 803 1684 826 suie
1726 796 1892 839 pereant,
1932 790 1986 826 vel

281 852 383 887 turba
413 850 630 886 medicorum
662 855 705 885 te·
727 850 914 896 opprimet.
2000 858 2029 882 ω

363 906 538 942 Eccius.
588 906 683 941 Bona
715 905 818 940 verba
850 917 985 951 quzeso.

366 962 518 998 Amici.
572 962 660 996 “Tibi
692 961 887 996 subveniet’
917 961 1033 996 dicere
1065 959 1289 998 volebamus,
1330 970 1372 993 ne
1413 959 1524 1005 igitur
1554 958 1656 994 nobis
1687 958 1819 1005 linguae
1851 958 1989 1006 lapsum

283 1019 367 1054 vitio
398 1024 526 1054 vertas.
1055 1049 1057 1052 .

367 1074 545 1109 Eccius.
596 1073 673 1108 Non
707 1078 775 1108 tam
807 1071 971 1107 morosus
1004 1083 1100 1111 sum,
1134 1072 1194 1106 sed
1227 1083 1412 1119 quemnam
1444 1071 1585 1106 dicitis?
1626 1081 1705 1105 nani
1737 1069 1905 1117 permulti
1936 1069 1990 1105 vel

282 1130 447 1165 ditissimi
480 1142 517 1164 ac
550 1129 615 1164 mei
647 1128 850 1164 amicissimi
883 1128 953 1163 illic
984 1134 1095 1174 agunt
1126 1133 1355 1162 mercatores.
2006 1139 2034 1162 ιι)

369 1186 528 1220 imici
579 1185 710 1231 Nempe
741 1184 795 1220 cui
829 1190 865 1219 ιιι
898 1184 981 1219 olim
1013 1184 1170 1230 lin¹¹uam
1203 1183 1348 1222 locasti,
1382 1189 1416 1218 et
1448 1194 1534 1218 aino
1557 1182 1714 1221 illectus,
1747 1181 1858 1216 libere
1881 1181 1990 1216 stene—

286 1242 354 1277 Γιίιι
388 1241 601 1288 permisisti,
635 1241 739 1287 idque
772 1240 878 1276 licere
910 1252 988 1275 sacr
991 1240 1058 1274 atis
1089 1239 1331 1286 comprobasti
1363 1239 1489 1274 literis

370 1297 548 1333 Eccius
600 1297 667 1331 Sul
705 1302 856 1344 propter
887 1296 1083 1331 (allionicos
1124 1295 1287 1330 indoctos
1317 1297 1393 1342 A¹u
1387 1300 1547 1329 ustanos
1579 1294 1734 1329 medicos
1767 1293 1991 1329 ιυιιυιιιειιιρι

288 1354 413 1393 timeo,
446 1364 488 1388 ne
522 1353 556 1388 in
588 1352 730 1387 illorum
762 1352 912 1399 ΤΓιιιιιιιιι
944 1352 1171 1399 pbaunacum
1205 1350 1308 1386 letale
1340 1363 1405 1398 pro
1438 1350 1583 1385 ςιιι·1ιιιιιι
1616 1362 1668 1398 pi
1661 1349 1808 1384 ebeant.

373 1529 385 1548 ‘-'
417 1530 581 1561 Heritius
615 1529 649 1559 id
683 1532 737 1560 est
764 1529 893 1559 Ritius.
929 1538 1038 1559 omnes
1071 1529 1101 1558 in
1133 1537 1236 1568 mary.
1265 1526 1342 1564 (Cf.
1364 1526 1433 1557 vol.
1453 1527 1480 1557 Ι.
1500 1538 1532 1568 p.
1553 1526 1628 1557 222.
1649 1525 1752 1567 sqq.)
1802 1526 1855 1556 Ad
1886 1525 1994 1557 Pauli

286 1586 399 1625 Hit-ii,
433 1585 709 1623 salzburgensis
742 1584 905 1626 episcopi
940 1583 1115 1614 archiatri
1147 1582 1311 1613 libellum
1344 1583 1384 1613 (lc
1415 1586 1525 1613 anima
1550 1583 1624 1614 mli
1653 1581 1686 1613 h.
1712 1581 1735 1612 l.
1756 1586 1854 1613 recte
1881 1582 1995 1613 refert

285 1640 519 1679 Riedererus,
563 1641 621 1681 qui
663 1652 703 1671 ex
742 1640 849 1671 wolfi
892 1639 1057 1670 biblioth.
1091 1638 1266 1669 Hebraie.
1292 1637 1524 1679 111.p.917.
1557 1638 1635 1669 lia-c
1675 1634 1810 1668 a'dfert:
1854 1637 1994 1677 „Cete-

285 1706 387 1733 ‚.runi
414 1696 538 1726 Ricius
572 1700 694 1728 noster
727 1696 954 1727 adversarios
986 1694 1178 1726 nonnullos
1212 1695 1426 1735 provocavit
1457 1694 1582 1725 libello
1616 1704 1680 1725 seu
1713 1693 1922 1735 compendio
1954 1695 1994 1724 cle

286 1754 421 1791 „animm
445 1754 534 1790 (wli,
576 1753 790 1783 nominatim
824 1752 897 1783 Iole.
925 1751 1061 1782 Eclcz'zmz
1097 1754 1131 1781 et
1165 1750 1355 1781 Claudium
1381 1751 1638 1791 Espencaeum,
1682 1749 1810 1790 quibus
1836 1749 1995 1780 insolens

287 1808 441 1846 „merito
468 1809 583 1839 visum
610 1812 684 1847 est,
719 1808 811 1848 quod
846 1809 875 1838 is
909 1808 1003 1838 inter
1036 1810 1159 1837 cetera
1192 1806 1300 1836 nimis
1327 1805 1581 1836 ('abbalistica
1615 1806 1771 1836 animam
1806 1805 1907 1836 coelis
1934 1805 1994 1835 tri-

286 1863 493 1901 „buendam
519 1866 717 1897 censeres',
747 1868 781 1894 et
807 1864 1007 1895 Eecianam
1032 1862 1305 1904 responsionem
1332 1861 1415 1901 (uid
1440 1861 1547 1892 Pauli
1574 1861 1670 1892 Ricii
1697 1861 1739 1892 de
1766 1861 1886 1892 anima
1913 1861 1996 1892 coeli

288 1919 455 1949 examina
489 1920 607 1950 amica
640 1920 848 1960 responsio,
882 1918 1034 1960 Ingolst.
1058 1918 1152 1949 1519.
1187 1917 1252 1958 4⁴.)
1287 1918 1489 1958 oppositam
1524 1928 1601 1948 esse
1634 1917 1788 1948 Riciano
1821 1917 1995 1958 opusculo

288 1973 435 2012 (,‚l'anli
475 1974 559 2005 {icii
585 1975 770 2005 naturalia
797 1978 832 2005 et
858 1974 1074 2015 prophetica
1101 1974 1143 2004 de
1171 1973 1291 2003 anima
1319 1973 1418 2011 eseli,
1447 1974 1541 2003 omni
1568 1973 1772 2004 attentione
1799 1973 1910 2014 digna
1935 1973 1995 2003 ad-

287 2040 411 2060 versus
439 2030 590 2060 Eckium
620 2031 804 2069 examina,
832 2030 922 2070 Aug.
944 2027 1160 2067 Vi11‹l.1519,
1188 2029 1270 2067 40j2')
1299 2028 1501 2059 adnotavit.
1538 2034 1541 2037 '
1566 2030 1577 2047 ’³
1605 2029 1759 2059 amicum
1785 2027 1824 2069 t.]
1850 2029 1994 2069 Fuyyer.

288 2084 300 2103 ³
327 2085 533 2116 (¹f.Pallad.
556 2085 598 2117 de
617 2097 643 2116 r.
665 2097 689 2116 r.
711 2085 777 2116 lul.
799 2096 827 2116 e.
844 2086 875 2116 o.
895 2085 924 2123 ξ.
943 2083 997 2115 26.
1100 2083 1125 2103 ¹⁶
1149 2085 1282 2115 Eccius
1306 2084 1480 2115 Bononiae
1505 2094 1567 2125 pro
1592 2084 1708 2115 usuris
1733 2085 1996 2126 disputaverat.

288 2142 317 2178 ,ξ
333 2139 398 2181 18.]
411 2142 571 2181 Sequens
590 2141 807 2172 Adelmanni
826 2141 869 2171 ad
888 2140 1149 2172 Pirckheimer.
1164 2151 1217 2181 ep.
1230 2139 1453 2180 (Heumanni
1471 2141 1622 2171 Docum.
1642 2140 1780 2171 literar.
1800 2140 1996 2182 p.181.sq.)

289 2196 450 2236 pluribus
476 2196 587 2227 huius
620 2197 757 2238 dialogi
789 2196 879 2227 locis
910 2195 1027 2226 lucem
1060 2195 1197 2233 adfert3
1239 2220 1261 2234 „
1283 2195 1449 2234 ...Quod
1476 2195 1680 2227 Canonicos
1711 2196 1876 2228 indoctos
1903 2208 1996 2228 com-

290 2252 456 2290 mendas,
491 2252 631 2293 placet,
667 2253 734 2283 etsi
761 2251 852 2282 nihil
878 2262 943 2282 sua
969 2251 1145 2282 modestia
1179 2251 1418 2292 profecerint:
1462 2261 1543 2281 nam
1577 2255 1771 2292 antequam
1804 2253 1840 2283 in
1879 2252 1996 2283 lucem

289 2307 489 2348 prodirent,
518 2318 559 2338 ex
586 2318 648 2338 suo
677 2307 915 2338 convitiorum
942 2307 1096 2348 registro
1123 2307 1323 2338 maledicus
1349 2307 1417 2337 iste
1447 2305 1594 2349 [Ecez'us]
1622 2307 1731 2338 telam
1751 2318 1896 2339 exorsus
1915 2308 1995 2347 fuit,

288 2364 325 2393 in
352 2373 422 2404 qua
448 2374 511 2394 nos
538 2363 747 2404 hypocritas
781 2366 835 2399 (ut
863 2363 953 2394 forte
986 2362 1124 2402 legisti)
1159 2363 1337 2404 appellat,
1373 2363 1458 2404 quia
1493 2373 1571 2394 eum
1606 2363 1879 2395 contemnimus.
1929 2363 1997 2394 Fui

289 2419 403 2460 pridie
431 2429 537 2460 quam
562 2420 672 2450 hasce
701 2419 745 2449 ad
771 2422 806 2449 te
834 2419 973 2457 darem,
1009 2429 1029 2448 a
1056 2420 1191 2450 Ioanne
1226 2419 1269 2450 de
1296 2419 1605 2460 Schwarzenberg
1638 2419 1683 2450 ad
1714 2419 1903 2460 prandium
1935 2430 1996 2451 vo-

291 2479 414 2512 catus,
449 2486 492 2506 ac
524 2485 579 2506 me
613 2475 728 2506 inscio
761 2474 959 2505 maledicus
994 2474 1073 2505 iste.
1131 2476 1159 2505 O
1195 2476 1334 2505 utinam
1367 2475 1597 2506 interfuisses
1630 2485 1700 2506 non
1735 2475 1901 2505 convivio
1934 2475 1997 2506 sed

290 2531 486 2571 symposio!
512 2530 617 2572 proh,
647 2540 734 2571 quas
760 2540 875 2569 nugas
902 2530 1196 2561 temulentissimi
1223 2531 1328 2561 istius
1356 2531 1536 2562 audisses!
1564 2531 1655 2561 dixit
1680 2531 1775 2562 inter
1794 2534 1917 2562 cetera
1935 2541 1995 2562 ne-

290 2587 365 2617 scio
393 2597 497 2627 quem
522 2586 840 2627 Nurnbergensem
866 2585 1029 2617 libellum
1057 2590 1183 2617 contra
1212 2597 1291 2617 eum
1316 2586 1441 2628 lingua
1466 2586 1665 2617 vernacula
1692 2586 1869 2625 edidisse,
1897 2597 1939 2617 ac
1958 2597 1997 2617 se

293 2647 489 2683 antequam
516 2642 641 2673 ebibat
659 2642 735 2673 vini
754 2651 974 2680 mensuram,
1003 2641 1109 2683 longe
1130 2642 1391 2684 elegantiorem
1410 2642 1681 2683 responsionem
1699 2642 1859 2673 scribere
1877 2652 1995 2683 posse,

290 2698 383 2728 sicut
403 2709 440 2729 se
460 2699 641 2729 facturum
668 2697 840 2736 asseruit3
868 2697 1063 2728 Canonieis
1088 2708 1174 2729 vero
1200 2698 1355 2729 indoctis
1381 2699 1424 2730 ob
1444 2699 1614 2729 honorem
1641 2698 1933 2729 ecclesiasticum
1959 2708 1997 2729 se

290 2754 511 2795 pepercisse.
555 2754 649 2793 Quid
674 2753 809 2784 mult-a?
843 2753 933 2783 adeo
958 2753 1042 2784 vino
1070 2754 1139 2784 fuit
1166 2764 1361 2793 aecensus,
1395 2757 1434 2785 ut
1465 2755 1503 2785 ni
1530 2754 1659 2785 Comes
1685 2754 1727 2785 de
1753 2753 1998 2785 Helffenstein

291 2820 333 2840 ac
358 2810 454 2841 Baro
480 2810 523 2840 de
550 2807 779 2850 Ger[o]lseek
804 2813 1002 2849 praesentes
1029 2809 1201 2849 fuissent,
1237 2811 1360 2841 forsan
1393 2821 1435 2841 ex
1467 2809 1588 2841 verbis
1615 2809 1659 2840 ad
1684 2809 1838 2840 verbera
1864 2809 1996 2840 deven-

290 2868 364 2895 tum
390 2865 539 2904 fuisset,
568 2865 677 2896 sicuti
702 2874 816 2905 nuper
841 2864 936 2905 apud
960 2874 1024 2896 nos
1051 2876 1093 2896 ac
1118 2866 1307 2907 Ingolstad
1334 2866 1499 2907 contigit.
1549 2865 1643 2904 Quid
1669 2875 1808 2896 caussae
1832 2865 1881 2896 sit
1905 2865 1998 2906 qnod

290 2932 360 2952 non
386 2925 461 2952 tam
486 2920 683 2953 honorifice
710 2920 752 2951 de
780 2923 815 2950 te
842 2919 1010 2960 loquatur
1037 2931 1079 2952 ac
1106 2922 1260 2961 scribat,
1288 2922 1431 2963 ignoro,
1460 2920 1755 2962 quemadmodum
1781 2921 1880 2961 prius
1905 2920 1996 2951 sole-

290 2978 371 3015 bat,
400 2978 471 3009 nisi
498 2988 578 3008 eam
604 2986 682 3008 esse
709 2980 812 3017 puto,
850 2976 942 3016 quod
969 2986 1047 3007 cum
1074 2980 1108 3007 te
1134 2978 1272 3008 Luther
1297 2977 1457 3009 nobilem
1482 2977 1798 3018 Nnrnbergensem
1825 2975 1995 3017 appellet,

290 3037 328 3063 ut
361 3034 394 3064 ei
426 3033 526 3064 vices
559 3032 753 3074 rependat,
792 3035 827 3063 te
860 3032 1030 3063 Noricum
1061 3037 1178 3064 vocet.
1236 3034 1399 3072 Quaesivi
1431 3033 1474 3064 ab
1510 3044 1550 3064 eo
1585 3042 1648 3063 cur
1672 3042 1736 3064 nos
1762 3032 1926 3063 indoctos
1953 3043 1997 3063 ac

291 3089 474 3130 praecipue
500 3089 711 3130 hypocritas
736 3088 942 3126 vocaverit,
971 3098 1077 3128 quum
1103 3100 1122 3120 a
1148 3089 1245 3120 nullo
1272 3089 1360 3121 vitio
1388 3089 1440 3128 (ut
1464 3088 1592 3130 vulgus
1611 3088 1680 3129 ait)
1706 3087 1785 3129 plns
1803 3088 1913 3119 simus
1932 3088 1995 3118 im-
