2101 3512
482 195 779 237 [PIRCKHEIMERI]
831 207 959 228 Eccxvs
986 207 1214 228 DEDOLATvs.
1264 196 1373 236 (1520.)
1686 188 1774 232 531

162 307 426 353 Chirurgus.
478 308 664 356 Sapienter
696 310 847 356 quidem.

162 363 335 397 Eccius.
390 363 514 399 Verum
554 376 618 400 nec
658 365 772 400 solum
816 365 996 405 tabernas,
1039 366 1100 400 sed
1139 366 1244 400 etiam
1281 357 1528 410 ἀρτοπώλια,
1565 364 1875 414 μιαγειρεῖα,ἒ-71ο

80 413 290 464 ἐκτροπάς,
316 421 498 465 πορνεῖα,
530 420 705 459 Memmia,
738 421 922 459 Fornices‚
956 422 1170 468 Lupanaria.
1203 421 1415 456 Prostibula.

165 473 434 521 Chirurgus.
485 476 551 510 Res
585 482 682 511 tanto
715 476 899 523 Theologo
930 477 1150 522 dignissima.

168 529 339 565 Eccius.
390 531 431 565 Et
463 531 536 565 haJc
569 532 821 578 tragcediarum
854 544 1011 567 mearum
1043 532 1172 567 falmia.

165 585 434 632 Chirurgus.
485 587 592 620 Proin
624 593 658 621 et
689 587 828 622 urinam
861 588 1035 634 inspicere
1067 588 1189 623 refert.
1798 593 1875 623 §.T-h

164 639 338 675 Eceius.
389 640 478 683 Quin
513 647 566 679 tu,
600 654 704 688 puer,
739 642 832 676 illam
865 644 980 677 ass'ers.

165 696 432 743 Chirurgus.
483 697 597 735 Proh,
632 710 735 744 quam
768 698 857 732 male
890 698 979 733 olet!
1013 705 1149 733 natura}
1182 698 1213 732 id
1238 699 1491 733 extinctionem
1514 699 1696 744 designat:
1728 712 1786 734 co-

79 750 135 786 lor
165 763 336 798 perquam
369 752 484 787 tenuis
517 759 571 787 est
602 759 637 788 et
676 753 901 793 subalbidus,
943 754 1077 788 febrem
1115 754 1297 788 ardentem
1336 760 1370 788 et
1413 755 1576 788 invadens
1616 755 1786 801 praesagit

37 806 264 847 ¹0delirium;
297 808 391 854 qnod
423 808 452 842 si
484 808 592 842 febris
624 808 781 848 abesset,
815 809 986 843 insaniam
1017 810 1168 844 dicerem
1202 809 1367 848 ferinam,
1405 821 1483 844 nam
1516 815 1550 844 et
1581 810 1785 857 hypostasis

79 862 277 898 sursuraeea
309 863 505 910 phrenitis,
538 864 701 899 stultitiae.
733 870 768 898 et
799 865 933 899 suroris
964 871 1019 899 est
1051 864 1228 899 indicium.
1289 865 1356 899 Sed
1388 871 1423 899 et
1454 877 1594 900 manum
1626 866 1783 912 porrige,

78 924 117 952 ut
147 918 287 965 pulsum
320 930 463 966 quoque
495 919 687 966 explerem.
747 920 825 959 hui,
867 932 970 967 quam
1002 920 1122 967 segnis
1154 926 1189 955 et
1222 921 1337 955 tenuis
1365 926 1501 960 motus,
1534 926 1609 955 atra
1641 933 1785 968 supera-
1800 927 1876 955 §.m

78 973 211 1009 bundat
242 974 339 1014 bilis,
374 975 458 1021 quin
491 981 526 1010 et
557 975 741 1011 subsultus
775 976 947 1011 tremulus
979 982 1013 1011 et
1045 975 1274 1011 sormieuians
1296 977 1495 1023 proximum
1518 976 1700 1011 interitum
1726 978 1786 1012 im-

77 1029 212 1065 minere
243 1031 484 1077 przenunciat,
518 1037 553 1065 et
584 1031 653 1066 nisi
684 1037 842 1066 actutum
874 1032 1123 1070 subveniatur,
1156 1032 1197 1066 de.
1230 1037 1262 1066 te
1294 1038 1410 1067 actum
1442 1037 1507 1067 est.

35 1091 67 1115 ¹5
166 1086 338 1122 Eccius.
389 1086 491 1122 Nulla
522 1087 633 1133 igitur
664 1099 745 1134 spes
778 1087 903 1122 salutis
935 1090 1122 1134 superest?

160 1141 433 1189 Chirurgus.
485 1142 659 1189 Perquam
692 1143 827 1182 tenuis,
861 1155 938 1177 nam
971 1149 1005 1178 et
1037 1143 1229 1179 medicandi
1263 1143 1354 1177 ratio
1386 1143 1534 1189 periculi
1567 1142 1683 1190 plena,
1714 1155 1784 1178 non

76 1195 189 1231 solum
223 1198 314 1233 enim
346 1194 588 1246 φαρμάκοις,
629 1199 689 1234 sed
721 1205 755 1234 et
787 1200 1011 1241 καυστικοῖς
1041 1199 1211 1234 utendum
1242 1198 1328 1237 erit,
1370 1199 1515 1233 morbus
1555 1199 1646 1233 enim
1679 1198 1784 1234 altius

75 1252 212 1288 radices
243 1254 333 1300 egit,
366 1266 404 1289 ac
436 1254 550 1289 onmis
582 1254 632 1288 vis
664 1254 744 1289 mali
777 1255 812 1289 in
843 1255 1052 1301 [uaecordiis
1085 1260 1119 1288 et
1151 1254 1216 1288 sub
1247 1260 1328 1288 cute
1360 1253 1458 1289 latet.

159 1308 333 1344 Eecius.
385 1308 473 1352 Quid
505 1309 616 1356 igitur
646 1311 838 1357 agendum,
873 1322 892 1345 o
924 1310 1056 1345 Amici?
1799 1314 1876 1345 §.st

31 1370 63 1394 20
162 1365 315 1401 Amici.
367 1364 456 1408 Quid
487 1365 580 1400 aliud
614 1378 718 1412 quam
740 1367 907 1401 Fortuna!
939 1365 1049 1400 aleam
1081 1365 1224 1400 subire?
1257 1365 1430 1411 siquidem
1462 1364 1568 1411 longe
1600 1365 1710 1400 satius
1734 1371 1787 1400 est

74 1419 140 1455 sub
172 1432 233 1468 spe
265 1421 426 1468 pristina*
459 1421 621 1456 sanitatis
653 1422 902 1469 recuperandie
941 1422 1057 1468 perire
1097 1432 1201 1468 quam
1241 1421 1383 1455 assiduo
1422 1419 1546 1455 dolore
1578 1421 1786 1458 conflictari.

75 1476 315 1511 imminentem
349 1483 464 1512 tamen
496 1477 679 1513 interitum
712 1478 803 1513 haud
835 1478 991 1523 effugere
1023 1489 1141 1524 posse.

157 1532 330 1568 Eccius.
383 1533 425 1568 Ut
457 1533 576 1572 video,
610 1533 755 1569 basilice
788 1533 928 1572 interii,
962 1544 1041 1567 nam
1074 1533 1167 1568 inter
1198 1543 1336 1567 sacrum
1369 1543 1562 1578 saxumque
1595 1539 1662 1567 sto.

158 1588 427 1635 Chirurgus.
480 1589 545 1623 Sed
577 1589 665 1624 heus
699 1595 752 1627 tu,
798 1589 891 1635 quod
924 1600 1013 1635 pene
1045 1588 1178 1623 oblitus
1209 1599 1325 1625 eram,
1370 1599 1549 1633 nunquam
1596 1588 1657 1622 tibi
1699 1600 1782 1634 pro-
1799 1592 1874 1622 §.T-².

27 1647 60 1672 ‘25
77 1648 158 1690 pter
188 1644 337 1691 periculi
369 1644 646 1691 magnitudinem
687 1657 810 1680 manus
850 1644 1064 1683 admovebo,
1106 1644 1173 1679 nisi
1218 1655 1283 1690 pro
1324 1648 1468 1677 mortuo
1508 1644 1592 1677 mihi
1635 1644 1786 1678 traditus

74 1700 203 1739 fueris,
246 1706 284 1735 ιιι
316 1701 344 1735 si
378 1701 470 1735 inter
501 1701 689 1736 secandum
720 1713 865 1748 pereas,
905 1700 947 1735 ab
980 1700 1074 1735 omni
1106 1700 1207 1746 culpa
1242 1699 1407 1733 immunis
1438 1710 1586 1733 censear
1617 1705 1649 1733 et
1683 1699 1785 1733 liber.

158 1755 333 1791 Eceius.
386 1756 427 1790 Et
457 1756 534 1791 haec
564 1756 745 1792 calamitas
777 1756 861 1795 alia,
896 1756 982 1795 heu,
1015 1756 1106 1793 heu,
1141 1761 1295 1802 quantus
1326 1754 1455 1789 artifex
1486 1755 1616 1800 pereo!

157 1812 310 1847 Amici.
360 1812 525 1847 Animum
556 1812 790 1848 commascula
825 1819 940 1851 tuum,
984 1817 1022 1846 ιιι
1052 1823 1123 1845 non
1157 1810 1271 1845 solum
1304 1810 1466 1848 nomine,
1507 1810 1568 1844 sed
1607 1811 1712 1844 etiam
1746 1822 1783 1844 re

74 1867 149 1913 ipsa
179 1867 332 1902 Keckius
363 1867 534 1908 videaris;
566 1868 676 1903 multa
708 1868 800 1903 enim
833 1879 912 1914 quae
943 1878 1015 1901 non
1047 1866 1245 1913 speraveris
1278 1865 1490 1911 quandoque
1522 1866 1700 1900 eveniunt.

26 1926 59 1950 3⁰
160 1923 329 1959 Eccius.
380 1922 473 1969 Ergo
506 1923 701 1970 periculum
734 1923 956 1959 subeundum
987 1923 1164 1957 censetis?
1508 1944 1511 1947 ι
1801 1926 1878 1956 976.

156 1980 312 2015 Amici.
363 1979 490 2022 Quidni
521 1982 749 2015 censeamus?
782 1979 907 2026 peristi
940 1979 1050 2016 enim.
1084 1978 1150 2012 nisi
1184 1976 1412 2024 pericliteris.

158 2034 326 2070 Eecius.
376 2035 496 2082 Neque
528 2035 595 2070 iam
627 2035 729 2071 Salus
761 2036 854 2082 ipsa,
887 2034 916 2068 si
948 2033 1041 2072 vult,
1073 2045 1127 2068 nie
1158 2044 1299 2067 servare
1330 2037 1462 2078 potest.

157 2091 309 2126 Amici.
361 2091 520 2130 Confido,
563 2091 662 2138 prius
697 2097 812 2126 [amen
844 2089 1083 2126 consessionis
1116 2090 1315 2124 auditorem
1347 2086 1617 2127 advocabimus,
1661 2088 1719 2134 qui
1754 2093 1786 2121 te

74 2158 92 2181 a
123 2146 331 2181 criminibus
363 2147 505 2194 expiare
537 2146 661 2182 valeat.

26 2204 60 2229 35
159 2202 336 2238 Eccius.
388 2203 413 2237 A
445 2202 677 2238 criminibus?
711 2202 947 2249 ‹piibusnam‘l

157 2258 310 2294 Amici.
360 2258 550 2296 Pessimis.
583 2258 650 2293 nisi
685 2264 721 2293 ιιι
752 2258 794 2292 ab
827 2258 921 2292 omni
953 2256 1030 2291 labe
1065 2268 1175 2304 purus
1207 2256 1267 2291 sis.

156 2314 328 2350 Eecius.
380 2314 421 2349 Et
452 2315 666 2361 purissimus
699 2314 850 2361 quidem.
912 2313 971 2348 sed
1005 2312 1170 2359 quoniam
1203 2310 1364 2346 confiteri
1400 2322 1456 2345 res
1489 2310 1536 2344 sit
1578 2309 1710 2349 facilis,
1751 2315 1785 2344 et

73 2371 263 2418 unicuique
296 2381 373 2417 quae
404 2370 520 2405 dicere
553 2369 637 2404 velit
669 2376 728 2405 aut
758 2369 849 2404 nolit
881 2368 1052 2407 liberum,
1083 2368 1203 2414 agite,
1247 2367 1344 2402 robis
1377 2378 1453 2401 mos
1485 2371 1650 2411 geratur,
1684 2365 1784 2400 adve-

157 2426 368 2461 Anditor.
421 2425 538 2465 Salve,
571 2426 738 2472 Magister
768 2425 909 2460 Noster.
1584 2418 1675 2469 [niat
1708 2420 1778 2455 ille.
1798 2424 1873 2453 §.77-

163 2545 176 2566 2
202 2540 437 2587 α’ρτοπωλεῖα
464 2548 495 2576 4.
530 2543 703 2585 πορνεῖα]
738 2545 819 2575 λεῖα
846 2547 876 2575 1.
890 2546 921 2575 4.
949 2544 1030 2575 λεια
1056 2546 1087 2574 2.
1102 2546 1136 2575 3.
1179 2544 1223 2574 Et
1255 2545 1288 2574 in
1313 2553 1417 2583 mary,
1451 2541 1553 2583 „Ubi
1580 2540 1785 2571 venduntur

71 2612 198 2645 panes.
227 2602 420 2643 Coquinas.
447 2600 709 2631 Diue1·tieula.”
728 2610 850 2631 omnes.
900 2594 1128 2639 ἀρτοπώλια,
1147 2592 1317 2639 Πορνεί’,
1337 2591 1571 2633 ἀναπαύλας,
1591 2589 1784 2636 ἐκτροπάς.

72 2658 254 2700 Aristoph.
275 2658 366 2689 Ran.
391 2656 462 2687 11⁴2.
485 2666 536 2697 sq.
610 2656 637 2675 ¹⁰
662 2655 839 2695 delyrium
867 2657 896 2686 1.
970 2654 996 2674 ¹⁷
1020 2652 1219 2689 καυςικοὶσ
1245 2657 1274 2686 1.
1302 2652 1581 2685 medicamentis
1607 2651 1781 2682 devoran-

73 2714 138 2752 dis,
165 2713 229 2745 sed
255 2714 365 2744 etiam
393 2712 578 2743 causticis.
649 2710 677 2730 ²3
702 2712 804 2742 Inter
828 2721 933 2742 sacra
960 2720 1155 2752 saxumque
1181 2709 1262 2752 sto.]
1289 2711 1331 2741 In
1356 2719 1490 2740 summo
1515 2706 1676 2748 periculo
1696 2716 1783 2737 sum.

76 2770 196 2801 Plaut.
218 2768 323 2810 Capt.
343 2768 408 2799 III.
428 2768 507 2806 4754.
534 2768 687 2798 Locutio
708 2778 728 2798 a
753 2777 862 2808 porco
887 2777 950 2807 per
975 2765 1138 2797 fetialem
1165 2766 1330 2797 feriundo
1356 2767 1510 2805 sumpta.
1580 2760 1668 2787 ²³⁵4
1694 2763 1783 2792 Eam

73 2826 310 2867 quaestionem
334 2834 405 2854 non
430 2824 519 2863 ioci,
548 2823 610 2853 sed
636 2833 752 2863 poenae
778 2822 965 2853 homicidii
992 2821 1170 2852 evitandae
1197 2831 1308 2853 eausa
1334 2820 1523 2851 faciebant
1548 2828 1634 2859 qnos
1659 2828 1784 2858 opera-

72 2884 168 2912 tores
186 2889 369 2912 vocamus.
433 2878 461 2897 ²⁷
490 2878 628 2917 ‘Qualis
648 2878 783 2909 artifex
800 2877 936 2919 pereot'
963 2880 1050 2908 nota
1067 2877 1220 2908 Neronis
1241 2876 1469 2908 exclamatio.
1512 2874 1610 2905 Suet.
1629 2874 1712 2904 Ner.
1730 2872 1783 2904 49.

72 2937 224 2968 Poterat
249 2935 377 2966 Graec'e
404 2934 531 2965 doetus
550 2933 687 2965 Eekius
713 2944 754 2964 ex
780 2934 898 2963 Dione
924 2923 952 2963 ὦ
980 2931 1074 2971 Ζεῦ,
1101 2929 1182 2969 οἷος
1206 2927 1699 2976 τεχνίτηςᾼπαραπόλλυμαι
1727 2939 1783 2958 ex-

74 2991 247 3022 clamare.
323 2988 350 3009 ²¹³
377 3001 413 3021 re
441 2988 534 3031 ipsa]
561 2989 706 3020 keck:
724 2988 858 3028 audax,
889 2989 1005 3019 fortis.
1085 2986 1113 3007 '³2
1139 2987 1256 3029 Salus]
1285 2988 1331 3018 ef.
1352 2997 1460 3028 supra
1478 2987 1507 3023 ξ.
1527 2986 1580 3015 45.
1610 2984 1786 3015 Similiter

75 3046 150 3078 Cic.
172 3050 208 3078 et
233 3046 376 3078 comici.

1404 3097 1488 3134 34*
