2101 3512
308 222 369 268 42
659 229 716 273 [ex
740 240 854 261 ,ΕΜ-3311
881 239 1005 261 suvu
1032 237 1189 260 musmo
1215 237 1259 258 DE
1286 237 1432 259 Avmms
1459 226 1653 270 insanus]

395 557 444 588 Ne
470 567 572 586 varva
596 555 667 585 lime
690 556 807 584 misere
832 554 897 584 hiet
914 555 1055 594 ρηῃίηα,
1083 555 1233 585 addimus
1250 565 1295 586 ea?
1313 555 1440 586 Aeneae
1458 552 1562 594 Sylvii
1577 554 1684 585 libello
1711 552 1835 593 (Indic.
1855 554 2005 595 biblioyr.

300 623 336 653 p.
355 610 445 651 31³⁶.)
469 615 631 652 specimen
658 610 730 649 (fol.
758 611 837 650 diij)
862 611 944 641 hoc:

393 692 411 705 ,,
433 691 440 698 .
462 690 468 696 .
488 691 495 697 .
515 677 585 697 non
611 670 684 707 tam
710 666 783 696 filio
809 676 873 696 suo
899 670 1003 707 pat-er
1029 666 1190 697 afficitur
1215 677 1320 708 quam
1346 667 1439 698 bono
1465 667 1621 707 principi
1639 667 1752 698 bonus
1770 677 1905 698 servus.
1940 666 2008 698 Cui

304 726 339 753 et
371 723 402 753 si
436 723 580 752 fortuna
614 722 763 757 faverit,
798 732 892 752 nunc
926 722 1178 761 mutationem,
1214 732 1307 753 nune
1333 723 1485 753 insidias
1510 723 1631 759 times,
1665 733 1733 753 nee
1764 722 1918 753 dormies
1943 732 2005 753 un-

303 788 408 818 quam
441 788 507 808 nec
540 777 713 819 vigilabis
747 778 782 808 in
816 788 919 818 pace.
961 778 1027 808 Est
1058 778 1206 818 insuper
1237 789 1370 819 magna
1402 779 1557 809 virorum
1587 778 1767 809 recreatio
1792 778 1923 808 mentis
1952 788 2006 809 se—

303 844 437 864 cessus.
487 833 574 864 Cum
599 844 637 864 se
664 833 795 874 aliquis
819 833 972 864 retrahit
997 834 1033 864 in
1058 833 1258 865 solitarium
1290 833 1406 865 locum
1440 845 1482 865 ac
1512 834 1569 865 vel
1602 834 1797 865 meditatur
1828 833 1884 865 vel
1916 833 2007 875 legit

301 889 357 920 vel
384 890 511 920 scribit
536 893 720 930 totumque
747 899 784 919 se
802 889 916 919 Musis
940 889 1096 930 praebet,
1125 894 1159 920 et
1176 900 1270 920 nunc
1288 889 1494 928 Platonem,
1522 900 1615 920 nunc
1632 889 1885 929 Aristotelem,
1911 899 2006 921 nuuc

301 945 474 983 Tullium,
513 956 607 976 nune
634 944 841 986 Virgilium,
881 955 974 976 nune
1002 945 1093 976 alios
1119 945 1303 983 doctores,
1343 946 1416 976 iam
1441 945 1571 976 dudum
1597 949 1770 983 mortuos,
1810 945 1873 976 sed
1906 945 2006 976 fama

300 1002 483 1040 viventes,
519 1005 554 1032 et
579 1001 725 1041 scriptis
758 1000 962 1041 alloquitur.
1014 1000 1083 1032 Sed
1115 1001 1184 1032 hac
1216 1001 1403 1042 voluptate
1436 1001 1571 1042 privati
1603 1004 1684 1032 sunt
1717 1001 1890 1039 curiales,
1934 1001 2005 1042 qui,

303 1068 382 1089 eum
407 1068 548 1099 semper
573 1058 608 1088 in
635 1057 708 1088 otio
734 1056 823 1095 sint,
857 1066 1039 1096 nunquam
1065 1060 1187 1087 tamen
1213 1057 1323 1087 otium
1349 1057 1502 1096 habent,
1535 1067 1677 1098 semper
1708 1057 1743 1087 in
1776 1057 2006 1088 multitudine

291 1117 400 1152 «sunt,
434 1114 471 1144 in
505 1113 738 1150 clamoribus,
773 1113 807 1143 111
840 1112 1064 1143 tumultibus.
1115 1113 1153 1143 Si
1179 1112 1247 1142 tibi
1273 1122 1527 1153 nonnunquam
1559 1112 1778 1154 particulam
1811 1113 2004 1154 delegeris,

301 1171 337 1201 iu
364 1180 433 1210 qua
459 1169 516 1200 vel
543 1169 645 1210 legas
672 1168 809 1209 aliquid
835 1168 891 1199 vel
919 1168 1073 1206 scribas,
1103 1178 1182 1198 mox
1209 1168 1340 1209 aliquis
1365 1169 1517 1199 instabit
1543 1169 1602 1209 qui
1629 1172 1663 1200 te
1683 1172 1810 1207 vexat;
1838 1172 1873 1199 et
1891 1169 1921 1199 si
1940 1168 2005 1199 alii

302 1226 546 1264 cessaverint,
575 1235 645 1256 non
671 1225 789 1255 aberit
814 1224 1060 1265 dispensator,
1097 1224 1156 1264 qui
1189 1235 1298 1265 prope
1326 1228 1361 1255 te
1389 1227 1594 1265 computum
1621 1225 1737 1256 faeiat
1763 1235 1907 1266 {eraque
1933 1235 2004 1256 mo-

300 1285 402 1313 veat:
434 1291 608 1322 nusquam
635 1281 703 1312 tibi
730 1280 884 1322 angulus
910 1281 1053 1321 patebit
1079 1281 1238 1321 quietus,
1272 1280 1308 1310 in
1342 1290 1409 1321 quo
1441 1280 1556 1321 possis
1584 1290 1662 1311 eum
1688 1281 1857 1322 »Scipione
1885 1281 2004 1312 dicere

302 1339 500 1379 ‘Nunquam
527 1337 642 1367 minus
667 1337 762 1368 solus
788 1347 863 1367 sum
891 1347 995 1377 quam
1030 1347 1107 1367 cum
1141 1336 1205 1367 sim
1237 1336 1354 1367 solus'.
1405 1336 1559 1377 Oportet
1590 1340 1625 1367 te
1658 1337 1789 1378 priscis
1820 1336 1893 1367 illis
1925 1347 2005 1368 san-

301 1394 441 1434 ctisque
466 1394 554 1424 viris
581 1403 706 1423 carere
734 1397 840 1433 atque
869 1393 963 1423 inter
987 1392 1150 1423 homiues
1177 1393 1299 1423 vivere
1327 1402 1414 1433 quos
1440 1393 1575 1423 rectius
1600 1393 1739 1424 bestias
1758 1393 1852 1424 omni
1871 1393 2005 1423 virtute

301 1454 469 1481 carentes
495 1448 749 1490 appellaveris.
799 1448 887 1479 Sunt
913 1449 972 1489 qui
999 1449 1121 1479 dicant
1148 1448 1239 1479 filios
1266 1459 1348 1479 suos
1374 1448 1510 1479 idcirco
1535 1449 1760 1489 principibus
1778 1449 1940 1487 tradere,
1967 1451 2006 1479 ut

300 1516 415 1537 mores
433 1505 577 1536 discant
596 1505 753 1545 tiantqm¹
771 1505 904 1535 virtute
932 1508 1165 1545 praestantes:
1195 1505 1322 1535 melius
1347 1505 1529 1543 dicerent,
1559 1505 1601 1535 ad
1629 1504 1905 1546 intelligendam
1931 1515 2003 1535 ma-

299 1561 420 1592 liciam
448 1561 777 1601 turpitudinemque
803 1560 1014 1591 discendam
1040 1571 1078 1591 se
1105 1560 1198 1590 tilios
1226 1561 1491 1591 transmisisse:
1525 1564 1605 1591 511111
1634 1561 1727 1591 enim
1756 1561 1791 1591 in
1818 1561 1927 1591 curiis
1952 1560 2004 1591 vi-

298 1617 485 1647 tiosi-ssimi
511 1616 690 1655 homines,
719 1626 901 1647 sermones
928 1616 1126 1647 inhonesti:
1161 1616 1222 1647 ille
1250 1616 1427 1647 luxuriam
1456 1617 1699 1655 commendat,
1734 1616 1795 1647 ille
1822 1617 2003 1647 voracita-

298 1676 386 1711 te1n;
413 1683 516 1703 nemo
543 1673 585 1703 de
611 1674 745 1703 virtute
773 1683 810 1702 se
837 1673 968 1708 iactat,
996 1673 1057 1703 sed
1079 1676 1139 1703 aut
1158 1673 1335 1713 virginem
1353 1672 1528 1708 violasse,
1558 1676 1620 1703 aut
1637 1676 1821 1713 stuprasse
1841 1676 2002 1714 nuptam,

298 1732 360 1759 aut
386 1728 550 1759 aemulum
577 1728 774 1767 occidisse,
810 1734 872 1758 aut
904 1729 1031 1769 rapina
1058 1740 1137 1759 sese
1166 1728 1303 1769 aliquid
1328 1732 1473 1759 nactum
1503 1728 1690 1770 gloriatur.
1741 1731 1829 1768 Quae
1861 1728 2003 1759 seelera

297 1786 351 1816 sie
378 1784 630 1815 adolescentes
657 1785 845 1815 imitantur
871 1788 979 1825 atque
1008 1784 1201 1820 imbibunt,
1230 1788 1269 1815 ut
1294 1784 1391 1816 nullo
1417 1790 1499 1826 post
1524 1790 1685 1826 tempore
1713 1785 1897 1815 amittant.
1935 1795 2003 1816 nee

297 1844 333 1872 te
359 1845 464 1882 putes
491 1840 757 1871 adolescentem
784 1841 970 1881 pudicum,
1005 1840 1178 1877 sobrium,
1212 1841 1453 1871 verecundum
1488 1845 1549 1871 aut
1582 1841 1674 1872 bene
1707 1845 1881 1871 moratum
1909 1841 2003 1881 apud

297 1898 479 1938 principes
505 1897 687 1934 invenire,
714 1907 836 1927 omnes
862 1896 1063 1927 huiusmodi
1090 1900 1171 1927 sunt
1199 1896 1322 1937 quales
1349 1897 1527 1937 magistri.
1568 1907 1689 1927 verum
1718 1901 1771 1927 est
1798 1898 1892 1927 enim
1911 1897 2003 1938 quod

298 1953 491 1983 Terentius
518 1953 585 1990 ait,
622 1953 667 1983 ad
699 1953 856 1993 peiorem
883 1952 1092 1993 plzerunque
1119 1959 1255 1993 partem
1283 1953 1439 1983 animum
1468 1952 1661 1993 applicari,
1693 1953 1723 1983 si
1749 1953 1828 1993 quis
1854 1953 1898 1983 ad
1925 1964 2002 1983 eam

298 2019 371 2039 rem
397 2008 608 2049 magistrum
633 2009 781 2039 sortitus
808 2009 853 2039 511
880 2009 1096 2049 improbum:¹
1135 2009 1187 2039 sie
1214 2012 1345 2039 natura
1377 2009 1494 2046 iubet,
1534 2009 1697 2040 velocius
1730 2012 1766 2039 et
1799 2009 1907 2040 citius
1938 2019 2002 2039 nos

299 2067 529 2105 corrumpunt
562 2064 725 2105 exempla
757 2064 869 2101 mala,
914 2075 993 2095 cum
1026 2064 1183 2095 animum
1223 2065 1365 2105 magnis
1406 2065 1614 2095 auctoribus
1652 2065 1818 2096 subeunt.
1867 2065 2002 2096 Refero

298 2121 471 2151 maximas
497 2120 562 2150 deo
589 2124 727 2161 grates,
757 2121 815 2161 qui
842 2121 929 2151 1111111
955 2121 1026 2151 iam
1054 2121 1128 2151 viro
1155 2121 1329 2161 sequendi
1348 2121 1532 2162 principes
1551 2122 1708 2151 animum
1725 2121 1894 2159 tradidit,
1922 2131 2001 2152 eum

298 2177 370 2206 iam
396 2178 586 2217 parentum
611 2176 764 2207 virtutes
791 2177 931 2217 aliquas
958 2177 1010 2207 sic
1038 2187 1271 2217 acceperam,
1306 2182 1344 2207 ut
1377 2177 1531 2218 amplius
1564 2178 1731 2208 amittere
1759 2188 1828 2208 non
1854 2178 1999 2218 possim.

299 2232 425 2273 quodsi
451 2231 549 2262 aliud
574 2242 644 2262 non
670 2236 742 2270 est,
771 2232 837 2263 lioe
864 2232 990 2263 saltem
1010 2232 1144 2271 liabeo,
1175 2233 1257 2273 quia
1277 2233 1470 2264 nonnullas
1489 2233 1600 2263 didici
1620 2233 1762 2269 literas,
1792 2243 1880 2274 quas
1898 2233 2000 2274 igno-

297 2299 433 2325 rarem,
460 2288 489 2318 si
514 2288 706 2328 pueritiam
734 2299 848 2319 meam
876 2289 975 2319 curia
1000 2289 1233 2329 suscepisset.
1284 2290 1349 2319 Est
1375 2289 1469 2319 enim
1490 2290 1524 2319 in
1545 2290 1654 2320 curiis
1672 2290 1875 2330 principum
1893 2274 1999 2321 vitio-

296 2355 373 2375 sum
398 2343 525 2374 literas
550 2354 673 2379 nosse,
710 2347 744 2374 et
776 2344 896 2385 probri
921 2344 1001 2375 loco
1027 2345 1170 2375 ducitur
1203 2344 1382 2385 appellari
1413 2345 1580 2376 disertus.
1629 2346 1693 2376 Est
1720 2346 1841 2386 itaque
1868 2357 2000 2387 magna

295 2400 522 2431 literatorum
548 2399 731 2437 molestia,
762 2409 839 2430 cuni
866 2410 903 2431 se
932 2401 1111 2431 contemni
1138 2411 1200 2440 per
1226 2401 1345 2432 omnia
1370 2401 1511 2437 vident,
1541 2406 1576 2432 et
1601 2412 1658 2432 res
1684 2402 1860 2433 maximas
1880 2402 1924 2433 ab
1944 2402 2000 2433 his

296 2456 405 2497 dirigi
431 2456 491 2497 qui
515 2455 575 2486 vix
601 2455 695 2486 inter
721 2466 844 2486 manus
872 2460 907 2487 et
932 2456 1041 2496 pedes
1068 2461 1151 2496 quot
1178 2456 1314 2488 liabent
1340 2458 1474 2499 digitos
1500 2462 1642 2489 norunt.
1699 2458 1769 2489 Sed
1803 2462 1857 2489 est
1889 2459 1999 2489 etiam

295 2511 483 2542 illiteratis
509 2521 646 2541 summa
671 2511 849 2550 turbatio,
877 2521 955 2542 eum
973 2512 1069 2542 viros
1088 2513 1123 2542 in
1144 2513 1279 2544 curiam
1297 2513 1422 2544 doctos
1442 2518 1476 2545 et
1494 2514 1626 2545 Latine
1645 2514 1835 2555 loquentes
1854 2515 1999 2545 venisse

294 2568 436 2606 vident,
465 2577 552 2608 quos
576 2571 758 2608 nequeunt
783 2567 1002 2609 intelligere.
1051 2568 1145 2606 Quid
1170 2574 1350 2610 przeterea
1375 2571 1417 2601 de
1445 2570 1672 2601 conscientia
1697 2574 1759 2600 tua
1777 2570 1998 2611 protulerim,

298 2634 375 2665 quae
401 2633 544 2664 semper
567 2623 728 2664 inquieta
756 2627 810 2654 est
835 2634 1045 2664 semperque
1073 2628 1108 2655 te
1133 2626 1322 2657 n1ordett²''
1349 2631 1410 2657 etc.
